2264 3786
28 167 32 177 ’
109 179 168 243 111
425 126 811 244 111111111111111

559 368 669 445 univ.
768 454 775 465 Ι

189 494 265 554 cum
279 493 321 552 sis
333 509 392 552 nec
405 492 502 571 rigida
516 494 679 554 Fabiorum
693 501 784 572 gente
799 501 934 574 oreatus,

187 575 251 645 Nec
266 575 385 654 qualem
402 576 511 651 Curio,
533 576 604 637 dum
617 576 744 657 prandia
756 583 859 656 portat
872 580 987 653 aranti,

187 659 312 718 Hirsuta
324 660 448 738 peperit
459 658 612 739 'deprensa
625 661 680 720 sub
695 659 767 719 ilice
784 663 928 721 coniunx:

187 740 250 799 Sed
264 743 359 821 patris
374 741 412 802 ad
426 740 582 821 speculum
595 742 677 802 tonsi
691 744 855 822 matrisque
869 750 992 822 togatae

165 824 283 884 allilius
298 831 331 884 et
343 825 442 904 possit
455 844 594 905 sponsam
608 832 640 884 te
654 845 764 904 sponsa
776 845 899 885 vocare:

185 907 358 967 Emendare
371 925 472 984 meos,
494 927 569 986 quos
582 911 667 968 novit
679 909 773 985 fama,
792 907 917 969 libellos

184 991 296 1050 1111111
314 991 466 1069 permittis
481 988 591 1050 felices
606 1010 734 1070 carpere
746 1004 857 1070 nugas:

184 1075 264 1151 Has,
284 1074 422 1150 inquam,
442 1091 553 1151 nugas,
575 1075 682 1150 quibus
697 1093 800 1134 aurem
816 1075 977 1155 advertere
991 1082 1083 1138 totum

185 1157 253 1216 Non
268 1162 468 1235 aspernantur
480 1174 626 1236 proceres
641 1158 786 1236 urbisque
799 1156 938 1238 forique,

72 1236 79 1253 '
145 1250 179 1301 lo
186 1240 265 1314 Quas
280 1245 313 1298 et
326 1241 469 1319 perpetui
484 1238 646 1318 dignantur
659 1242 770 1300 scrinia
787 1239 846 1301 Sili

184 1323 224 1382 Et
236 1323 351 1401 repetit
364 1323 478 1382 totiens
492 1321 621 1382 iucundo
635 1322 770 1401 Regulus
785 1342 854 1402 ore,
931 1344 935 1351 ·
959 1321 965 1333 '

185 1407 305 1483 Quique
317 1405 401 1464 videt
413 1408 538 1485 propius
552 1408 652 1484 magni
666 1409 830 1467 certamina
844 1408 928 1468 Circi
977 1428 980 1433 ·

183 1487 300 1548 Laudat
313 1489 481 1549 Aventinae
492 1490 607 1549 vicinus
626 1489 702 1549 Sura
714 1491 838 1551 Dianae.

183 1572 252 1652 lpsc
267 1572 358 1630 etiam
371 1576 456 1631 tanto
471 1571 608 1632 dominus
623 1574 678 1633 sub
691 1572 830 1652 pondere
843 1561 957 1636 fernm'

144 1655 249 1716 15Nou
264 1653 445 1732 dedignatur
459 1656 506 1714 bis
520 1661 631 1734 terque
645 1655 803 1717 revolvere
817 1658 938 1718 Caesar.

184 1737 246 1797 Sed
261 1739 317 1798 tibi
330 1738 398 1817 plus
410 1740 539 1819 mentis,
559 1740 617 1799 tibi
631 1759 683 1799 cor
694 1738 820 1800 limante
834 1741 973 1801 Minerva

182 1822 292 1882 Acrius
306 1827 339 1881 et
352 1827 461 1882 tenues
474 1808 629 1881 1111111111
640 1829 749 1902 pectus
762 1824 910 1895 Athenae

181 1905 228 1964 Ne
242 1903 373 1982 valeam,
392 1906 493 1965 sinon
508 1903 603 1964 multo
618 1906 698 1985 sapit
713 1904 803 1965 ultius
818 1905 911 1983 illud,

184 1988 273 2063 Quod
287 2008 353 2048 cum
366 1989 537 2067 panticibus
550 1988 626 2048 lauis
640 1997 673 2047 et
689 2008 756 2048 cum
771 1988 852 2068 pede
867 1950 1017 2067 grlndi

141 2073 223 2134 sont
236 2075 330 2133 rubro
343 2069 488 2150 pulmone
501 2076 588 2130 vetus
602 2073 744 2150 nasisque
760 2070 928 2131 timendum

183 2156 291 2214 Omnia
305 2151 438 2213 erudelis
451 2151 549 2213 lanius
564 2172 621 2234 per
635 2156 766 2235 compita
779 2162 944 2234 portat.

182 2237 287 2297 Audes
304 2244 484 2316 praeterea,
509 2256 584 2316 quos
598 2237 698 2296 nullus
713 2239 849 2316 noverit,
871 2239 903 2297 in
917 2258 967 2298 me

183 2321 325 2380 Scribere
339 2317 506 2380 versiculos
520 2321 646 2380 miseras
661 2326 693 2380 et
706 2320 839 2400 perdere
854 2322 983 2384 chartas.

181 2405 262 2462 At·
237 2423 263 2463 s1
278 2402 350 2482 quid
364 2410 487 2463 nostrae
500 2405 558 2464 tibi
568 2403 643 2464 bilis
657 2405 803 2465 inusserit
821 2403 929 2481 ardor,
1001 2403 1003 2407 ’

140 2499 174 2549 25
180 2488 271 2549 Vivet
284 2494 316 2547 et
329 2488 470 2548 haerebit
481 2494 606 2565 totaque
619 2487 764 2565 legetur
753 2507 786 2547 11
799 2489 892 2565 urbe,

182 2571 327 2646 Stigmata
334 2590 396 2630 nec
412 2571 496 2631 vaira
510 2569 628 2631 delebit
641 2571 803 2632 Cinnamus
819 2577 896 2634 arte

183 2653 245 2713 Sed
258 2656 406 2714 miserere
422 2656 481 2733 tui,
502 2653 609 2715 rabido
623 2672 680 2714 nec
694 2655 832 2734 perditus
847 2642 915 2714 or'e

180 2735 359 2797 Fumantem
373 2757 477 2797 nasum
490 2740 549 2797 vivi
562 2740 759 2817 temptaveris
773 2739 846 2798 ursi.

181 2821 228 2880 Sit
241 2819 377 2901 placidus
390 2819 466 2881 licet
480 2828 512 2881 et
525 2819 639 2881 lambat
654 2820 826 2901 digitosque
840 2838 1022 2900 manusque,

139 2903 212 2966 3OSi
227 2902 316 2962 dolor
331 2910 364 2964 et
377 2903 465 2983 bilis,
485 2906 512 2965 si
528 2909 607 2966 iusta
620 2906 758 2982 coegerit
769 2908 831 2983 ira,

180 2987 277 3048 Ursus
291 2989 367 3046 erit:
387 3008 478 3050 vacua
493 2987 601 3049 dentes
615 2989 647 3047 in
660 2987 746 3068 pelle
759 2988 870 3068 fatiges

179 3071 220 3131 Et
235 3071 356 3130 tacitam
370 3091 514 3151 quaeras,
533 3093 622 3152 quam
635 3075 734 3153 possis
747 3073 877 3151 rodere,
898 3091 1029 3134 carnem.

557 3205 648 3268 LXV.

114 3358 118 3365 -
171 3320 392 3397 „Hesametris
406 3322 589 3404 epigramma
603 3321 701 3383 facis“
717 3324 780 3382 scio
797 3323 902 3383 dicere
918 3323 1059 3383 Tuccam.

86 3409 88 3413 ’
209 3403 333 3489 Tucca,
354 3405 441 3470 solet
453 3409 545 3488 fieri,
567 3405 722 3486 deniqueq
731 3405 967 3517 'luccaqbceu
1052 3495 1059 3502 .
