2264 3786
336 78 349 113 ἱ

288 205 622 268 EPIGRAMMATON
635 207 707 268 ΠΒ.
723 207 759 267 Π.
998 207 1038 271 41

98 358 176 418 snse
189 359 246 418 titi
260 364 344 418 tanta
357 365 461 420 cautu
471 360 625 421 ‘amunte
642 332 777 426 viderur

139 443 201 501 Hei
214 438 307 519 mihi',
330 461 418 519 quam
432 443 536 503 multis
552 444 597 502 sic
612 461 733 523 quoque
746 442 856 521 longus
870 444 951 503 eris!

506 577 541 638 Π.

98 686 192 746 Creta
206 686 290 748 dedit
304 707 459 768 magnum,
481 691 577 750 maius
591 685 679 749 dedit
691 688 796 748 Africa
809 706 938 767 nomeu,
1053 745 1064 760 ,

140 769 242 850 Scipio
258 771 338 848 quod
351 774 449 833 vietor
463 772 606 853 quodque
620 771 767 832 Metellus
780 771 890 846 habet3

96 852 236 913 Nobilius
250 844 364 915 domito
377 858 487 917 tribuit
501 857 664 917 Germania
675 855 800 932 Rheno,
875 888 877 895 ,

136 935 178 996 Et
191 955 268 1017 puer
282 939 341 998 hoc
356 938 464 1018 diguus
477 942 617 1018 nomiae,
639 940 770 1017 caesar,
790 956 868 1000 eras.

74 1019 379 1082 5Frater1dumaeos
392 1026 505 1084 meruit
520 1044 588 1084 cum
603 1029 692 1104 patre
706 1006 895 1102 triumphas,

138 1103 222 1178 Quae
236 1104 377 1166 daturas
391 1107 510 1168 Chattis
524 1106 648 1185 laurea,
668 1111 799 1166 tutatus
812 1112 871 1166 ert.
887 1134 892 1140 ·

475 1226 555 1300 ΙΙΙΙ.

97 1347 208 1428 Sexte,
229 1352 306 1412 nihil
320 1351 431 1432 debes,
453 1352 497 1413 nil
511 1352 623 1428 dehet,
644 1351 753 1429 Sexte,
773 1351 914 1412 fatemur.

138 1433 238 1494 Debet
252 1438 348 1514 enirn,
370 1439 396 1497 si
413 1439 481 1516 quis
495 1435 633 1514 solvere,
654 1436 761 1512 Sexte,
782 1442 895 1515 potest.

497 1571 548 1633 iv.
614 1631 617 1635 .

98 1677 124 1736 0
141 1697 227 1756 quam
240 1678 368 1741 blandus
380 1699 432 1758 es,
454 1681 627 1756 Ammiaue,
647 1679 754 1737 matri!

97 1761 192 1836 Quam
207 1760 320 1824 blanda
333 1770 382 1824 est
395 1765 452 1823 tibi
466 1769 579 1840 mater,
600 1762 774 1823 Ammiane!

94 1843 237 1904 Fratrem
248 1853 280 1906 te
294 1854 382 1907 vocat
394 1853 426 1906 et
441 1866 529 1905 soror
541 1842 675 1904 vocatur.

97 1928 160 1988 Cur
173 1949 225 1988 vos
239 1933 361 1990 uomina
373 1931 523 2010 nequiora
536 1928 685 2007 tangunt?

71 2013 200 2088 aquare
213 2033 275 2073 uon
287 2013 369 2073 iuvat
382 2015 441 2074 hoe
455 2011 537 2094 quod
551 2013 626 2072 estis
639 2011 732 2071 esse‘.²

93 2095 207 2155 Lusum
221 2096 348 2157 creditis
362 2098 421 2158 hoe
435 2097 618 2177 iocumque?
641 2096 711 2155 Non
724 2103 788 2155 est:

95 2179 245 2258 Matrem,
268 2199 345 2259 quae
359 2183 443 2261 cupit
457 2199 526 2240 esse
541 2199 574 2240 se
587 2197 741 2256 sororem,

94 2263 159 2322 Nec
173 2269 300 2323 matrem
313 2265 394 2324 iuvat
406 2282 475 2324 esse
489 2282 547 2324 uee
561 2281 708 2324 sorerem.
802 2333 806 2336 b

94 2508 141 2568 Ne
157 2507 289 2585 valeam,
311 2513 337 2569 si
351 2530 412 2570 uun
427 2509 517 2585 totis,
537 2509 688 2583 Deeiaue,
708 2505 816 2566 diebus

136 2592 178 2650 Et
191 2597 292 2651 tecum
306 2595 380 2654 totis
394 2588 534 2655 nautibus
546 2609 614 2650 esse
626 2589 724 2651 velim.

98 2674 161 2734 Sed
176 2674 235 2734 duo
249 2682 319 2735 suut
333 2694 410 2756 quae
425 2693 480 2735 nus
495 2673 670 2752 disiungunt
684 2670 767 2733 milia
777 2691 914 2753 passum:

139 2759 289 2834 Quattuor
302 2761 378 2820 haec
389 2760 480 2836 iiuut,
503 2777 570 2817 cum
586 2758 741 2818 rediturus
754 2775 829 2816 eam.

75 2841 200 2920 aSaepe
213 2841 294 2903 domi
305 2863 367 2904 nou
379 2862 428 2921 es,
448 2861 514 2902 cum
526 2843 567 2901 sis
579 2860 717 2922 quoque,
735 2857 827 2918 saepe
838 2839 976 2925 negaris:
1026 2897 1029 2902 .

136 2922 197 2986 Vel
213 2931 330 2985 tautum
347 2927 445 3000 causis
461 2923 510 2985 sel
527 2927 585 2985 tibi
602 2944 694 3006 saepe
712 2943 809 2985 vacas.
893 2920 895 2925 ’

95 3008 144 3068 Te
161 3014 261 3068 tamen
278 3015 313 3068 ut
328 3008 446 3069 videam
464 3008 523 3069 duo
542 3008 625 3069 milia
639 3029 701 3069 nun
718 3008 804 3087 piget
818 3007 882 3083 ire,

67 3142 86 3176 -ι
137 3092 179 3151 Ut
197 3098 229 3151 te
250 3111 312 3152 nou
327 3091 446 3152 videam
464 3099 607 3182 quattuor
622 3094 670 3153 ire
685 3094 779 3174 piget.

503 3225 553 3287 VI.

95 3335 107 3392 l
125 3353 222 3412 nuuc,
244 3333 340 3396 edere
355 3355 404 3397 me
420 3337 492 3396 iube
507 3335 639 3399 libellos.

98 3417 203 3478 Lectis
220 3419 268 3478 six
285 3419 343 3480 tibi
358 3421 476 3501 paginis
494 3419 610 3481 duabus
714 3470 717 3474 .
