2264 3786
304 226 639 289 EPIGRAMMATON
652 227 725 292 LlB.
742 227 783 289 X.'

112 374 172 433 lam
187 375 314 451 scrobe,
335 374 392 434 lam
406 372 506 452 lecta,
527 376 586 434 iam
599 371 786 454 palliuctore
798 381 904 455 paratu

153 455 309 517 Heredem
326 458 448 538 acripsit
463 476 511 518 me
527 458 638 518 Numa:
661 456 821 552 cunvuluit.

476 591 607 654 xcvffl.

109 703 213 764 Addat
226 721 294 763 eum
308 701 382 763 mibi
396 703 570 764 Caecubum
582 705 721 765 minister
757 752 764 763 s

110 787 200 847 Idaeo
218 783 382 861 resolutior
396 785 538 865 cinaedo,

111 871 177 947 Qua
191 886 249 928 nec
261 866 325 928 fllia
342 867 454 931 cultior
467 887 525 929 nee
539 889 630 947 uxor,

109 956 174 1014 Nec
188 957 286 1013 mater
299 958 352 1012 tua
362 970 421 1012 nee
437 972 525 1013 seror
541 954 708 1030 recumbit,

87 1039 167 1100 5th
181 1043 316 1116 spectem
330 1038 431 1115 potius
445 1044 512 1097 tuas
526 1035 666 1097 lacernae

111 1122 174 1180 Aut
187 1120 296 1179 citrum
311 1126 397 1179 vetus
412 1119 592 1199 Indicosque
608 1119 738 1180 dentes?

110 1206 275 1283 Suspectus
289 1203 346 1263 tibi
360 1221 400 1262 ue
416 1212 517 1264 tamen
531 1205 720 1274 recumbam,

110 1289 238 1346 Praesta
253 1285 292 1345 de
307 1304 400 1364 grege
415 1285 598 1363 sordidaque
611 1286 683 1346 villa

111 1371 248 1448 'l'ouaoa,
267 1368 458 1447 horridulus,
479 1369 588 1448 rudes,
608 1367 738 1450 pusillos
809 1432 813 1439 ,

64 1454 231 1517 lollireoai
245 1453 319 1512 mihi
331 1451 413 1513 filiae
427 1452 552 1515 subulci.

107 1536 225 1598 Perdet
241 1542 272 1596 te
287 1534 374 1597 dulor
389 1537 455 1596 hie:
474 1538 606 1613 habere,
624 1537 729 1613 Publi,

104 1623 213 1689 More·
226 1638 287 1680 uon
301 1627 390 1699 putea
403 1621 459 1679 hoa
474 1626 506 1679 et
519 1621 575 1680 hos
590 1622 755 1693 ministros.

485 1752 589 1813 xcix.

107 1867 140 1926 Si
151 1866 284 1926 Romana
297 1865 400 1925 iurent
415 1866 491 1924 haee
504 1864 639 1924 Socratis
654 1885 722 1942 ora,
744 1866 874 1930 iuiaaent

148 1947 240 2009 lullus
252 1950 286 2008 in
299 1948 416 2027 Satyris
432 1946 531 2027 qualia
544 1947 640 2008 Rufus
653 1949 755 2008 habet

520 2082 554 2142 0.

106 2194 203 2272 Quid,
225 2193 337 2272 stulte,
357 2196 471 2255 nustria
485 2195 623 2255 versibus
637 2201 705 2254 tuna
719 2195 851 2256 miaeea‘l

105 2280 182 2338 Cum
195 2277 335 2357 litigante
350 2277 422 2358 quid
437 2279 511 2355 tibi,
532 2278 640 2355 miser,
660 2277 781 2337 libro?-

106 2361 186 2438 Quid
202 2378 387 2440 congregare
402 2380 469 2420 eum
483 2359 624 2421 leonibus
638 2360 744 2440 volpes

104 2443 286 2524 Aquilisque
302 2443 416 2507 similes
429 2444 533 2503 iacere
547 2450 672 2503 noctuas
689 2447 832 2522 quaeris?

83 2530 228 2589 5Habeaa
240 2527 348 2589 licebit
364 2525 495 2587 alterum
507 2526 617 2606 pedein
630 2525 747 2604 Ladae,

104 2613 227 2691 Inepte,
248 2612 362 2672 frustra
377 2628 466 2671 crure
479 2608 582 2688 lignea
598 2627 712 2670 curres.

512 2752 558 2812 01.

105 2865 212 2944 Elysio
229 2865 338 2927 redeat
350 2869 377 2928 al
390 2868 472 2927 sorte
486 2867 630 2927 remisaua
644 2869 681 2927 ab
695 2885 768 2946 agro

145 2949 203 3009 llle
218 2968 272 3009 auo
287 2950 361 3010 felix
375 2952 506 3012 caesare
521 2950 627 3010 Gabba
640 2958 742 3028 vetus,

106 3034 166 3110 Qui
180 3033 385 3114 Capitolinum
398 3035 515 3114 pariter
530 3035 726 3113 Gabbamque
738 3036 874 3095 iocantes

146 3115 310 3194 Audierit,
325 3116 423 3179 dicet:
443 3118 589 3195 „ituatioe
604 3119 724 3193 Gabba,
743 3119 841 3178 tace.“
888 3166 891 3175 ,

503 3250 561 3311 cn.

103 3364 169 3436 Qua
182 3363 282 3422 fautus
293 3365 414 3424 ratione
428 3365 469 3424 eit
483 3365 636 3444 requiris,

92 3445 317 3522 Quiuunquam
330 3444 443 3528 futuit,
465 3456 561 3532 pater
575 3448 779 3514 Philaeuue‘l
846 3506 850 3519 ,

942 198 1083 291 ,ml
