2264 3786
89 181 129 245 ει
370 130 381 151 ’
405 180 450 245 ιι.
465 179 557 244 vm.
572 178 796 241 murmur

213 334 281 392 Nou
297 337 456 412 expectato
471 331 524 391 dut
536 332 611 391 mihi
624 332 704 392 suma
716 349 802 408 rugo.

171 419 228 476 Est
244 423 277 477 et
289 417 322 475 in
334 416 394 475 hoc
409 414 540 492 aliquid:
560 415 638 475 vidit
650 433 699 475 me
713 414 809 473 Romu
822 415 979 477 tribunum

120 497 165 562 '10
211 501 253 559 Et
268 499 361 559 sedeo
376 519 437 579 qua
454 506 487 559 te
502 500 628 561 sumitur
643 499 792 558 Oceanus.

174 585 256 661 Quot
268 584 343 643 mihi
357 583 509 643 Caesareo
523 583 598 643 facti
612 588 684 642 eunt
697 599 824 643 munere
839 582 939 660 cives,

213 666 277 727 Nee
291 665 419 726 famulo·
434 665 564 727 totidem
578 667 716 746 suspicor
730 683 800 725 esse
814 665 882 726 tibi.
966 676 970 685 ’

173 749 235 810 Sed
248 749 436 830 predicaris,
457 749 514 810 sed
524 750 671 830 pulchre,
693 746 846 825 Naevole,
868 768 976 810 ceres:

213 836 274 894 lum
287 835 346 894 iam
359 840 393 893 tu
406 836 493 914 prior
507 852 555 911 es,
576 831 727 894 Naevolez
747 832 860 909 vincis,
879 852 944 894 ave.

477 990 481 1007 .
551 965 657 1028 xcvl,

115 1054 120 1061 ⁹
172 1082 294 1158 Lingis‚
312 1099 374 1139 non
387 1081 482 1140 futuis
496 1098 594 1141 meam
606 1079 738 1161 puellam
851 1132 854 1136 .

172 1166 213 1224 bit
228 1162 325 1241 garris
342 1165 427 1241 quusi
441 1164 587 1224 moechus
601 1170 634 1224 et
646 1164 774 1223 fututor.

174 1248 206 1307 Si
220 1254 252 1306 te
267 1246 438 1326 prendere,
458 1245 596 1327 Gurgffi,
617 1249 743 1308 tacebis,

543 1380 663 1451 xcvii.

171 1494 218 1554 Ne
230 1492 315 1572 legat
327 1494 408 1552 bunc
423 1493 559 1570 Chione,
580 1491 689 1553 mando
704 1495 778 1570 tibi,
797 1494 893 1573 Rufe,
913 1494 1056 1557 libellum.

215 1577 356 1637 Carmine
369 1574 453 1637 laesa
467 1595 535 1637 meo
551 1583 614 1654 est,
634 1574 760 1647 laedere
775 1583 808 1639 et
822 1576 876 1638 iila
889 1587 1002 1658 potest.

540 1691 672 1774 xcvffl.

174 1827 221 1887 Sit
234 1826 320 1887 culus
333 1829 391 1890 tibi
406 1847 494 1905 quum
508 1845 610 1887 macer
624 1827 779 1907 requiris?

173 1911 342 1972 Paedicure
355 1918 461 1992 potes,
483 1910 623 1989 Sabelle,
645 1910 722 1971 culo.

550 2038 655 2104 xcix.

173 2156 266 2214 Irasci
279 2162 385 2215 nostru
401 2175 462 2215 non
477 2155 588 2232 debes,
610 2156 722 2233 cerdo,
743 2155 861 2219 libello.

215 2239 274 2305 Are
287 2244 358 2317 tua,
376 2258 438 2298 uon
452 2240 513 2299 vita
527 2245 575 2298 eut
588 2242 723 2299 carmine
736 2239 820 2299 laese
833 2259 911 2301 meo.

173 2322 241 2381 Nun
254 2340 368 2383 nocuos
382 2325 528 2403 permitte
543 2321 632 2384 seles.
665 2324 728 2403 Cur
741 2322 850 2385 ludere
865 2326 953 2384 uobis

163 2428 168 2439 ·
213 2407 282 2466 Non
295 2406 405 2486 liceat,
424 2407 512 2468 licuit
526 2408 552 2467 si
566 2407 704 2486 iugulare
718 2407 798 2466 tibi?

585 2543 619 2603 C.

174 2654 339 2712 Cursorem
355 2659 440 2713 sexta
453 2656 527 2730 tibi,
547 2654 644 2732 Rufe,
664 2655 834 2714 remisimus
854 2655 947 2732 bora,

216 2736 358 2796 Carmina
372 2756 462 2814 quem
474 2735 627 2796 madidum
641 2747 746 2797 nostra
760 2737 869 2796 tuiiuee
884 2757 966 2799 reor.

174 2819 323 2879 Imbribus
337 2819 506 2879 immodicis
521 2818 638 2879 caelum
653 2840 722 2879 nam
739 2821 821 2881 forte
836 2824 953 2881 ruebat.

215 2902 282 2964 Nou
298 2901 389 2962 aliter
406 2902 486 2963 mitti
502 2901 608 2962 debuit
621 2905 681 2962 iste
695 2902 784 2963 iiber.

512 3133 694 3144 -.-—-—-.-
