2264 3786
427 227 472 288 M.
488 225 578 288 VAL.
596 222 819 286 MARTIALIS

558 426 690 488 uxxrx.
770 504 776 513 ,
904 377 911 397 ’

192 542 321 621 Semper
335 543 398 620 ogis
412 560 515 602 cousus
531 547 564 602 et
577 559 629 601 res
645 542 725 620 egla,
746 543 869 622 Attalo,
890 564 1028 629 semper:

231 625 303 702 list,
324 632 448 686 nonest
463 625 545 705 quod
559 644 646 704 ogas,
667 624 788 704 Attole,
808 646 930 709 semper
945 634 1017 712 ogis.

192 709 225 769 Si
238 727 290 768 res
304 716 336 768 et
350 727 456 769 causae
472 708 600 787 derunt,
622 709 701 786 ogis,
719 709 845 790 ‘Attole‚
866 712 972 777 mulae.

231 790 353 871 Attalo,
375 791 510 872 nequod
528 810 599 870 agos
613 790 711 870 desit,
728 812 803 871 egos
821 797 957 858 unimam.

555 923 675 984 LXXX.

191 1036 349 1121 Sportula,
370 1038 470 1116 cene,
490 1038 548 1097 tibi
562 1055 704 1119 suprema
717 1045 810 1121 nocte¹
823 1004 925 1119 petilo
935 1052 992 1106 ert.

232 1121 354 1183 Occidit
367 1126 442 1202 puto
457 1127 506 1200 te,
528 1123 628 1199 caue,
649 1121 731 1200 quod
743 1142 803 1183 uno
815 1125 882 1186 fuit.

551 1254 685 1318 LXXXI.

189 1369 216 1427 A
232 1386 320 1427 servo
336 1369 396 1428 seis
411 1376 442 1428 te
456 1369 591 1446 genitum
606 1366 781 1447 blandeque
795 1371 919 1449 fateris,

232 1450 308 1512 Cum
322 1452 399 1512 dieis
414 1452 584 1528 dominum,
606 1451 782 1533 Soolbioue,
800 1461 930 1535 patrem.

451 1596 452 1604 ι
541 1571 690 1651 Lxxxu

124 1757 127 1771 ,
188 1701 273 1761 Haec
289 1719 366 1780 quae
379 1698 507 1781 pulvere
524 1701 671 1781 dissipato
684 1697 778 1760 multo

188 1784 307 1864 Longas
320 1784 457 1863 portiom
472 1783 605 1865 explieat
618 1786 741 1862 ruinas,

187 1870 223 1929 ln
235 1873 322 1929 tento
336 1870 417 1929 ioeet
431 1868 570 1929 obuoluta
583 1889 663 1929 casu.
793 1886 798 1897 ·

189 1953 296 2012 Tectis
307 1971 382 2011 uum
395 1949 486 2011 modo
501 1951 635 2030 Regulus
650 1952 705 2010 sub
720 1948 796 2010 illie

166 2037 334 2096 5Gestatus
346 2035 450 2095 fuerat
464 2033 719 2113 recesserutque,

189 2121 279 2182 Victo
294 2112 342 2178 est'
355 2115 494 2196 pondere
508 2137 575 2178 eum
590 2136 644 2176 suo
658 2123 807 2196 repenle3

187 2203 230 2263 Et
242 2207 402 2281 postquam
418 2199 540 2260 domiuo
557 2199 636 2265 nihil
655 2202 798 2280 timebat,

108 2358 111 2363 ,
189 2285 305 2345 Securo
322 2285 385 2344 ruit
398 2284 559 2344 iueruentu
574 2283 692 2344 damno.

106 2366 109 2375 '
189 2369 323 2447 Tantae,
344 2365 478 2447 Romule,
496 2373 568 2448 post
582 2374 696 2427 metum
710 2366 869 2446 querellae

149 2454 265 2530 loQuir
280 2472 381 2513 eurum
396 2458 490 2530 neget
504 2470 574 2512 esse
588 2458 621 2511 te
636 2450 780 2528 deorum,

187 2536 320 2617 Propter
336 2555 425 2615 quem
438 2535 498 2596 fuit
510 2537 658 2621 innoeenq
672 2536 780 2595 ruina?

536 2668 695 2732 LXXXIII.

191 2782 234 2842 Os
250 2787 283 2840 et
299 2780 386 2841 labra
399 2781 456 2842 tibi
469 2780 577 2862 lingit,
596 2783 734 2861 Mareia,
757 2780 901 2843 entellus:

228 2866 296 2925 Non
310 2866 421 2944 miror,
442 2866 563 2927 merda·
581 2867 607 2925 si
621 2865 700 2925 libet
714 2868 876 2931 exsecari.

538 2997 700 3061 LXXXIV.

186 3112 320 3172 Uxorem
335 3111 506 3172 habendam
518 3130 580 3170 nou
593 3117 681 3192 putot
696 3109 876 3189 Quirlnrlis‚

188 3196 264 3260 cum
277 3194 352 3255 velit
364 3196 481 3255 habere
493 3194 591 3274 filios,
612 3201 645 3254 et
662 3197 779 3255 Invenit

187 3280 253 3354 Quo
267 3279 365 3358 possit
376 3277 458 3338 istud
473 3297 574 3338 more:
595 3279 688 3338 iutult
702 3278 825 3338 ancillas

187 3362 376 3440 Domumque
390 3368 422 3422 et
436 3381 524 3441 agros
538 3361 647 3442 implet
660 3362 814 3442 equitibus
826 3363 937 3424 vernis.

188 3445 282 3504 Puler
297 3446 429 3506 familiae
443 3464 533 3508 verus
548 3453 596 3507 est
610 3443 785 3526 Quirinalis.

91 3518 139 3564 h
