2264 3786
136 204 198 270 ιιι
452 199 498 264 ιι.
512 196 604 263 vsu.
620 164 843 258 marmus
871 248 874 253 .

508 459 512 467 ,
573 399 734 462 LXXVIII.

218 517 314 576 Potor
327 509 457 591 nobilis,
477 508 572 588 Aule,
592 508 708 571 lumine
722 527 783 567 uuo
853 534 857 543 =

217 600 334 660 Luscus
347 598 452 676 Phryx
466 601 533 655 erat
547 593 705 671 alteroque
717 590 828 671 lippus.

218 684 299 742 Huic
313 683 413 742 Heras
427 678 563 739 medicus
576 678 687 756 „Bibas
703 679 825 735 caveto:
899 734 910 745 ..

219 768 331 830 Vinum
344 767 372 826 si
385 764 518 841 biberis,
539 759 618 823 nihil
630 758 780 820 videbis.“

196 849 333 910 5Ridens
347 848 451 926 Phryx
465 844 553 906 oculo
565 843 736 924 „valestr‘
748 841 856 921 inquit.
943 874 948 883 ·
990 866 997 883 ι

219 933 347 994 Misceri
361 932 420 992 sibi
432 931 572 1010 protinus
587 927 737 1004 deuncos,

220 1015 282 1075 Sed
298 1015 424 1075 crebros
437 1014 531 1074 iubet.
558 1011 680 1071 Exitum
694 1006 849 1088 requiris?

218 1098 331 1163 Vinum
343 1098 464 1176 Phryx,
485 1088 590 1157 o'culus
604 1096 682 1156 bibit
696 1108 854 1154 venenum.

582 1256 716 1318 xxxix.
822 1218 825 1225 ’

220 1370 334 1430 Tristis
348 1387 382 1429 es
399 1374 431 1429 et
443 1365 534 1443 felin
556 1368 632 1428 sciat
645 1369 704 1429 hoc
716 1369 853 1431 Fortuna
867 1374 989 1430 caveto:
1057 1346 1061 1351 ¹

260 1454 413 1551 Ingratum
427 1451 511 1513 dicct
523 1457 573 1531 te,
594 1452 696 1533 Lupe,
718 1454 745 1513 si
759 1453 874 1513 scierit.

587 1598 710 1677 fnxxx.

218 1729 262 1790 Ut
274 1749 351 1789 nova
365 1728 444 1790 dona
456 1728 530 1805 tibi,
551 1726 681 1805 caesar,
702 1726 834 1788 Nilotica
847 1727 940 1789 tellus
996 1782 999 1787 .

261 1813 393 1876 Miserat
405 1813 550 1871 hibernos
563 1812 722 1872 ambitiosa
734 1830 836 1888 rosas,

218 1896 325 1956 Navita
340 1895 450 1956 derisit
461 1895 590 1955 Pharios
604 1895 821 1974 Memphiticus
836 1896 959 1972 hortos,

260 1979 353 2039 Urbis
364 1985 401 2038 ,ut
413 1979 538 2037 Intravit
549 1976 653 2037 limina
669 1979 767 2058 prima
780 1984 860 2040 tuae.

66 2078 70 2087 ’
177 2063 181 2071 ’
200 2063 340 2123 5Tantus
353 2061 435 2121 veris
448 2062 545 2120 honos
560 2067 593 2120 et
606 2059 718 2120 odorae
727 2062 830 2139 ‘gratia
843 2060 974 2141 Florae,

262 2145 421 2222 Tantaque
433 2144 576 2204 Paestani
589 2141 687 2222 gloria
700 2146 782 2204 ruris
797 2151 872 2206 erat.
1000 2168 1005 2174 ·

220 2228 271 2287 Sic
286 2245 464 2306 quacunpuc
480 2244 571 2305 vagus
585 2226 783 2308 gressumque
797 2227 964 2308 oculosque
976 2228 1112 2303 ferebat,

263 2308 439 2370 Tonsilibus
453 2312 545 2371 sertis
561 2329 649 2371 omne
661 2313 792 2372 rubebat
809 2314 879 2373 iter.

223 2395 263 2455 At
276 2399 310 2453 tu
323 2394 475 2455 Romanae
489 2395 589 2456 iussus
602 2397 661 2455 iam
676 2394 789 2455 cedere
803 2397 944 2472 brumae,

47 2484 50 2491 '
179 2489 214 2540 10
259 2478 353 2538 Mitte
366 2484 433 2539 tuos
446 2496 578 2558 messes,
598 2481 717 2559 accipe,
737 2478 822 2557 Nile,
844 2497 939 2540 rosas.

478 2588 483 2609 ⁸
580 2626 712 2688 Lxxxx

219 2736 318 2797 Iratus
330 2743 472 2816 tanquam
487 2735 617 2818 populo,
639 2739 838 2818 Charideme,
858 2737 984 2800 lavaris:

260 2820 384 2898 Inguina
397 2822 441 2880 sic
455 2826 521 2880 toto
536 2819 651 2882 subluis
665 2822 698 2881 in
712 2821 798 2886 solio.

217 2901 284 2965 Nec
298 2906 387 2982 caput
400 2903 451 2963 hic
468 2902 577 2964 uellem
592 2906 636 2964 sic
651 2911 701 2982 te,
723 2904 923 2983 Charideme,
940 2902 1058 2981 lavare3

263 2987 306 3048 Et
320 2989 424 3065 caput,
446 3004 535 3067 cccc,
554 2986 650 3048 lavas:
671 2989 796 3069 inguina
809 2988 888 3050 malo
904 2989 995 3050 laves.
1012 3054 1017 3061 ,

573 3134 718 3200 cxxxx.
866 3120 876 3171 ¹

97 3234 103 3251 '
220 3243 348 3322 Quidam
362 3264 411 3307 me
424 3245 530 3326 modo,
548 3248 644 3328 Rufe,
666 3249 828 3329 diligenter

212 3329 406 3413 Inspectum,
427 3329 512 3394 velut
525 3337 644 3414 emptor
658 3340 710 3395 aut
720 3333 847 3414 lanista,

204 3410 283 3474 Cum
300 3415 388 3479 voltu
405 3415 570 3504 digitoque
585 3419 800 3496 subnotasset,
