2264 3786
396 583 747 682 lulllltlt.

500 779 634 809 *⁸*ss

125 868 199 965 Post
215 908 303 965 editos
322 909 431 966 Grimae
448 926 521 966 anno
540 908 754 981 quadragesimo
771 909 856 962 altero
873 907 1007 964 Martialis
1025 912 1082 981 epi·

10 1044 13 1049 .
58 999 229 1062 grammaton
240 996 325 1049 libros
337 1000 433 1050 nactus
446 1011 507 1050 sum
519 995 621 1065 aliquot
633 994 797 1064 scriptorum
808 991 935 1047 codicum
947 993 1080 1061 subsidia,

59 1076 92 1131 de
105 1077 203 1148 quibus
216 1076 348 1148 deinceps
361 1078 461 1133 dicam.

118 1161 239 1215 Primum
264 1168 423 1217 accuratam
436 1145 624 1216 ¹collationem
650 1159 755 1215 codicis
776 1159 995 1231 Edinburgensis
1019 1161 1083 1230 (E),

10 1270 18 1285 =
58 1261 141 1315 quarn
153 1245 182 1298 in
194 1245 401 1317 Prolegomenis
413 1263 442 1316 p.
454 1245 564 1299 LXXXI
579 1244 759 1299 vehementer
773 1244 984 1311 desiderabam,
1002 1247 1085 1300 inter«

13 1368 17 1373 -
57 1344 141 1384 cessu
151 1328 292 1383 Welclreri
305 1330 399 1400 accepi
412 1346 428 1383 a
440 1329 510 1384 Guil.
521 1328 683 1396 Humiltono,
698 1329 856 1399 professore
868 1328 1083 1401 Edinburgensi,

20 1416 24 1421 '
58 1412 103 1483 qui
113 1411 159 1466 vir
170 1410 387 1468 humanissimus
401 1413 548 1467 maximam
560 1418 666 1483 partem
677 1413 738 1483 ipse
750 1413 876 1477 contulit,
896 1414 1003 1483 reliqua
1020 1429 1084 1468 con·

10 1484 12 1491 ¹
57 1494 172 1549 ferenda
184 1494 308 1551 studioso
319 1495 430 1552 cuidam
442 1497 535 1550 iuveni
547 1497 697 1562 commisit,
717 1497 763 1567 qui
781 1498 884 1566 etipse
902 1512 1015 1551 munere
1033 1514 1084 1552 suo

10 1578 12 1597 ²
58 1579 124 1634 satis
136 1584 209 1633 recte
224 1579 332 1634 iunctus
344 1587 395 1635 est.
426 1581 485 1651 Ego
504 1596 576 1635 nuno
594 1579 669 1650 quod
686 1581 752 1634 olim
768 1581 842 1634 tenui
855 1580 1006 1649 specimine
1021 1583 1085 1636 sub-

10 1660 29 1723 ’·,·
57 1663 143 1719 nixus.
151 1662 185 1716 de
197 1662 296 1718 virtute
307 1665 368 1720 libri
380 1664 534 1734 perantiqui
546 1664 670 1718 divinavi
688 1665 778 1735 magis
791 1680 872 1734 quam
885 1662 1084 1728 demonstravi,

10 1746 20 1791 ἶ·
56 1762 172 1817 prorsus
184 1746 374 1803 confirmatum
385 1748 504 1817 repperi.
536 1747 641 1801 Etenim
660 1745 751 1801 codex
762 1746 798 1801 ad
810 1747 940 1801 familiam
952 1748 1085 1802 librorum

12 1822 22 1833 '
58 1829 90 1884 Cl
108 1830 146 1883 ita
166 1828 296 1899 pertinet,
315 1838 344 1885 ut
359 1831 613 1901 praestantissimos
634 1831 753 1884 familiae
770 1847 837 1885 suae
855 1836 938 1884 testes
958 1830 1085 1885 anGv

56 1915 218 1984 plerumque
235 1921 347 1985 aequet,
365 1915 502 1969 interdum
519 1919 644 1984 superet:
663 1913 737 1969 idem
755 1920 829 1968 caret
841 1914 967 1969 omnibus
980 1915 1013 1969 iis
1027 1914 1086 1985 qui-

10 2020 13 2033 ·
56 1999 106 2053 bus
119 1997 241 2068 reliquos
254 1999 338 2053 libros
356 1999 481 2069 eiusdem
498 1998 613 2069 ortgirris
627 1999 757 2069 Prolegg.
768 2015 797 2069 p.
810 1997 920 2054 CXVIII
932 2015 974 2068 sq.
987 2014 1084 2053 carere

10 2086 18 2099 ¹
58 2080 124 2135 (lixi.
161 2081 194 2135 Hi
206 2087 297 2136 autem
307 2083 368 2136 libri
380 2089 407 2137 et
420 2083 502 2153 pauci
514 2083 561 2137 alii
573 2099 634 2137 curn
647 2099 682 2136 ex
698 2099 753 2136 uno
772 2082 926 2151 eodemque
944 2082 1041 2136 codice
1059 2088 1086 2136 et

57 2181 88 2218 co
103 2180 180 2219 saec.
195 2164 233 2218 IX
245 2166 395 2220 vetustiore
407 2183 424 2220 a
435 2167 552 2221 librariis
564 2167 664 2236 partim
675 2165 795 2234 fidelius,
802 2166 901 2236 partlm
913 2167 1004 2220 minus
1016 2166 1086 2220 fide-

17 2310 21 2319 ,
57 2249 116 2302 liter
132 2248 206 2303 ducti
219 2249 286 2317 sint,
308 2252 444 2320 sequitur,
461 2255 490 2304 ut
501 2266 537 2306 ex
550 2251 703 2304 coniunctis
718 2266 813 2304 eorum
831 2249 992 2303 testimoniis
1005 2267 1086 2320 repa-

57 2334 110 2388 rari
122 2333 276 2387 communis
289 2333 370 2389 fontis
389 2336 523 2404 scriptura
539 2335 637 2404 possit.
673 2334 703 2388 ln
718 2349 821 2402 magna
839 2333 922 2402 igitur
939 2332 1038 2387 horum
1055 2333 1086 2386 li-

57 2417 167 2470 brorum
178 2415 329 2472 concordia
339 2433 402 2472 raro
414 2419 519 2483 evenit,
538 2424 567 2471 ut
577 2434 647 2471 unus
660 2434 695 2470 ex
707 2417 740 2471 iis
753 2418 829 2470 solus
840 2431 938 2468 verum
954 2431 1086 2470 servave-

57 2499 139 2554 riter
154 2498 317 2571 archetypo,
330 2492 427 2571 reliq'ui
439 2517 534 2555 omnes
549 2501 578 2553 in
595 2500 715 2554 deterius
730 2500 802 2569 lapsi
819 2499 882 2553 sint.
922 2497 1086 2570 Quanquam

58 2588 98 2637 est
112 2584 238 2654 proiecto
255 2585 301 2639 ubi
319 2586 404 2640 solius
416 2584 444 2638 E
456 2585 547 2659 scriba
557 2584 642 2654 prisci
653 2584 715 2639 libri
727 2582 825 2639 duetus
836 2584 882 2638 vel
894 2591 1039 2639 assecutus
1052 2584 1086 2639 sit

59 2673 130 2721 recte
141 2668 188 2722 vel
204 2683 267 2720 cum
281 2668 415 2738 religione
427 2668 561 2738 pinxerit:
585 2669 698 2739 saepius
716 2669 791 2723 solus
804 2667 848 2722 hic
860 2668 929 2721 liber
942 2667 979 2722 ad
989 2669 1087 2723 Putea·

58 2750 299 2820 neiVossianique
317 2752 396 2820 (ΧΑ)
414 2752 569 2806 testimonia
585 2751 670 2806 fidem
688 2752 823 2827 adiungit.
864 2751 1039 2822 Religionem
1056 2753 1087 2806 li·

58 2832 140 2888 brarii
167 2833 271 2904 pariter
295 2841 375 2905 atque
404 2837 597 2905 cognationem
622 2852 685 2890 cum
704 2829 879 2892 XABCGVQI
905 2837 965 2889 rell.
986 2836 1085 2905 paucis

48 2918 190 2988 'exemplis
204 2917 359 2972 ostendam.
383 2919 455 2974 Libri
471 2919 562 2987 l,103,
577 2923 595 2976 4

19 3066 23 3075 Ι
329 3001 460 3056 liberunt
474 3002 572 3073 fauiae
588 3008 615 3057 et
633 3003 751 3058 tribuere
767 3001 812 3057 dei
840 2994 842 2998 ’

56 3082 174 3153 primum
190 3086 307 3139 verbum
327 3087 354 3139 in
375 3085 525 3156 archetypo
543 3102 599 3140 non
620 3087 686 3142 satis
706 3091 798 3156 aperte
818 3099 980 3154 expressum
999 3083 1084 3137 fuisso

10 3204 12 3211 .
56 3165 266 3221 videturrnam
280 3168 463 3235 Miserunt,
481 3170 513 3223 X
523 3169 673 3234 Arserunt,
693 3170 743 3225 Ab
750 3168 898 3233 Miserunt,
916 3164 968 3220 BC
975 3165 1083 3222 Hause-

55 3253 126 3314 runt‚
144 3250 204 3306 DN
217 3251 364 3306 Auxerunt
383 3252 526 3306 dederunt.
561 3259 587 3320 3,
598 3256 669 3321 20st
683 3253 727 3307 Au
737 3254 765 3306 iu
776 3251 841 3307 abiit
854 3248 976 3309 inABE
986 3251 1084 3309 inAru'.

57 3332 88 3387 X
94 3332 155 3394 Aur
171 3340 214 3401 10,
228 3336 415 3402 37,18muele
432 3337 460 3388 in
474 3336 555 3390 XAE
563 3342 663 3396 meote;
680 3340 705 3399 3,
719 3340 762 3401 93,
779 3337 794 3392 7
808 3333 836 3387 Ε
845 3331 1038 3402 corcodrillus,
1056 3333 1088 3386 X

56 3417 243 3484 eroeodrr'llua,
259 3417 330 3473 Aue
339 3419 513 3480 succurritur,-
530 3423 555 3487 8,
568 3424 593 3487 6,
607 3416 973 3489 lauradimqucrnesumln
986 3417 1037 3468 ln
1045 3431 1099 3481 pr.

56 3498 83 3553 B
92 3506 135 3555 est
145 3501 399 3573 mauritanorum,
419 3503 447 3559 in
459 3502 513 3561 XC
522 3503 679 3580 ebibitisque
689 3517 819 3568 ntorum,
834 3492 1123 3572 upicodiemmaxu·
