2264 3786
88 179 150 244 206
392 180 450 243 kM.
467 179 558 243 VAL.
574 181 800 250 MARTIALIS
942 223 943 226 =

262 319 281 360 ⁸
547 333 654 396 XXXI.
832 409 833 412 Ἴ
903 410 904 414 ¹

50 452 54 461 ²
166 433 249 493 ‘Cum
264 449 364 492 comes
378 433 501 493 Arctois
515 427 661 494 haereret
674 431 814 495 Caesaris
829 437 921 498 annis

212 515 337 595 Velius,
357 516 436 576 hanc
449 517 545 577 Marti
557 537 615 598 pro
628 516 705 577 duce
718 519 803 578 vovit
816 538 911 580 avena

172 601 258 661 Luna
273 606 381 679 quater
395 602 483 660 biuos
498 619 559 660 non
573 606 638 660 tota
652 607 820 681 peregerat
834 605 943 682 orbes,

143 707 147 722 ,
213 685 325 746 Debita
337 685 484 765 poscebat
497 685 558 760 iam
573 685 634 745 sibi
646 690 717 744 vota
733 683 818 749 deus.
895 742 896 745 ,

151 770 242 850 blpse
256 788 324 839 suas
342 786 432 828 anser
450 768 627 849 properavit
640 767 738 828 laetus
753 767 792 834 ad
804 790 871 831 aras

212 854 253 914 Et
268 851 381 912 cecidit
394 853 506 912 sanctis
520 852 621 911 hostia
633 872 726 931 parva
738 852 825 925 focis.

174 938 251 999 Octo
266 933 351 995 vides
367 933 472 1015 patulo
486 933 625 1015 pendere
639 935 817 996 nomismata
831 941 933 996 rostro

213 1019 327 1080 Alitis?
347 1019 424 1078 haec
441 1020 519 1078 extis
536 1017 660 1078 condita
673 1037 772 1098 nuper
786 1024 894 1082 erant„

121 1185 124 1188 .
174 1105 257 1181 Quae
272 1101 343 1162 litat
357 1107 483 1180 argento
495 1121 552 1180 pro
565 1106 615 1179 te‚'
633 1121 695 1161 nou
711 1104 873 1188 sanguine,
893 1083 1023 1183 caesar,

132 1201 165 1251 10
212 1187 361 1263 Victima,
381 1186 441 1245 ianr
455 1185 540 1248 ferro
554 1204 616 1245 non
631 1194 706 1266 opus
722 1201 790 1247 esse
807 1186 906 1247 docet.
919 1264 926 1280 1

173 1399 260 1458 Hauc
275 1396 361 1474 volo,
382 1403 459 1477 quae
474 1395 591 1476 facilis,
614 1415 691 1475 quae
705 1393 865 1477 palliolata
879 1404 1022 1476 vagatur,

215 1482 302 1541 Hanc
316 1478 403 1557 volo,
426 1498 503 1559 quae
516 1499 612 1561 puero
627 1482 695 1548 iam·
705 1479 792 1541 dedit
804 1487 875 1541 ante
889 1500 977 1556 meo;
998 1541 1001 1544 Δ

174 1566 261 1626 Hanc
274 1563 361 1643 volo,
384 1584 472 1644 quam
485 1564 611 1625 redimit
624 1570 720 1625 totam
734 1563 877 1626 denarius
892 1563 989 1643 alter,

214 1651 301 1717 Hanc
316 1648 400 1727 volo,
423 1666 500 1727 quae
512 1650 630 1728 pariter
643 1646 758 1709 sufficit
773 1669 832 1708 uuo
845 1650 954 1710 tribus.

155 1734 359 1795 5Poscentem
372 1751 509 1792 nummos
526 1738 560 1791 et
573 1731 699 1810 grandia
712 1733 806 1793 verba
821 1728 982 1793 sonantem

214 1816 376 1883 Possideat
391 1834 510 1877 crassae
523 1814 660 1876 mentula
673 1814 866 1904 Burdigalae.

539 1927 675 1991 XXXIII.
748 1966 751 1972 Α

173 2022 318 2085 Audieris
331 2025 365 2084 iu
379 2044 455 2104 quo,
474 2022 606 2103 Haece,
627 2023 737 2084 balneo
751 2021 907 2103 plausum,
947 1995 948 2000 ἵ

173 2108 325 2168 Matronis
338 2106 403 2169 illic
419 2127 487 2170 esse
502 2105 669 2181 mentulam
683 2108 771 2169 scito.
889 2105 891 2109 ’

497 2241 672 2309 XXXIV.
770 2279 804 2291 ι·
900 2240 903 2245 ’

172 2340 310 2422 IuppIter
323 2339 407 2402 Idaei
420 2343 490 2403 risit
503 2342 661 2403 mendacia
673 2342 770 2418 busti,

214 2425 292 2504 Dum
305 2424 389 2486 videt
401 2428 531 2506 Augusti
545 2425 649 2487 Flavia
663 2421 779 2505 templa
791 2421 872 2503 poli,

144 2533 146 2536 ⁴
174 2511 283 2588 Atque
291 2511 374 2570 iuter
388 2505 507 2572 mensas
522 2509 608 2590 largo
622 2512 682 2570 iam
695 2512 822 2569 nectare
837 2507 940 2582 fusus,

215 2592 330 2654 Pocula
346 2614 413 2654 cum
428 2595 524 2655 Marti
537 2595 676 2675 traderet
689 2594 759 2673 ipse
773 2610 827 2651 suo
835 2633 843 2668 ‚

80 2741 82 2744 ,
98 2692 104 2709 ·
152 2676 355 2756 5Respiciens
369 2677 528 2739 Phoebum
540 2681 658 2760 pariter
673 2675 853 2753 Phoebique
868 2689 1021 2746 sororem,

217 2761 291 2820 Cum
308 2761 416 2839 quibus
430 2759 555 2822 Alcides
570 2769 603 2823 ct
615 2764 683 2842 pius
697 2761 793 2820 Arcas
809 2763 890 2817 erat:
1034 2835 1037 2838 Α

174 2844 311 2922 „Gnosio
324 2844 400 2904 vos“
413 2845 514 2923 iuquit
528 2847 638 2923 „uobis
652 2845 837 2904 monimenta
852 2837 995 2898 dedistis:

216 2928 360 3005 Gemite,
380 2946 468 3006 quam
481 2927 551 3008 plus
566 2930 624 3005 sIt,
646 2927 786 2988 Caesaris
802 2942 870 2984 esse
885 2920 1035 3004 patrem.“

499 3028 500 3035 ‘
547 3059 670 3123 xxxv.

174 3163 301 3223 Artibus
312 3162 362 3221 his
378 3178 500 3240 semper
516 3178 638 3235 cenam,
658 3157 853 3234 Philomuse‚
875 3154 1021 3228 mereris,

214 3245 351 3307 Plurima
369 3244 440 3305 dum
453 3245 558 3322 fingis,
576 3241 632 3304 sed
646 3243 732 3322 quasi
744 3261 818 3301 vera
830 3240 942 3314 refers.
958 3284 960 3290 .

169 3329 254 3409 Scis,
280 3328 354 3410 quid
367 3330 400 3390 in
413 3329 541 3391 Arsacia
553 3327 688 3387 Pacorus
702 3324 858 3401 deliberet
870 3322 973 3402 aula„

197 3416 421 3498 libenigenam
436 3434 584 3485 numeras
600 3412 864 3484 Sarmaticamque
874 3424 1016 3474 manum,
