2264 3786
271 214 690 281 cmommrrmooum.
704 216 742 281 v.
829 168 832 173 ¹
956 212 1016 278 107

55 372 173 453 5„Sora
186 387 255 432 mea
268 388 357 449 quam
370 369 476 430 iratur
489 367 616 448 melior,
637 368 687 430 cui
701 374 762 429 tam
776 386 874 449 prope
887 368 933 429 iar
949 374 997 428 est

119 456 275 532 Cernere,
295 457 357 513 ta'm
370 452 462 533 louge
477 470 567 533 quem
582 453 656 514 colit
669 451 728 514 ille
742 451 864 513 deum.“

485 587 528 648 lV

76 701 194 772 Fetere
205 697 299 758 multo
313 697 449 776 Myrtale
463 695 544 779 solet
557 699 643 775 vino,
676 684 680 697 ¹

77 782 141 844 Sed
153 780 243 841 fallat
254 787 289 841 ut
302 798 375 858 noa,
396 780 470 841 iolla
485 779 611 841 devorat
623 781 702 841 lauri

77 866 259 944 Merumque
274 868 361 923 cauta
375 862 503 942 fronde,
523 882 584 924 non
599 883 675 942 aqua
687 866 803 926 miscet.

77 951 165 1009 Hauc
178 955 213 1008 tu
226 948 387 1008 rubentem
400 948 644 1027 prominentibus
660 949 747 1009 venia
821 966 827 973 ·

59 1033 234 1109 5Quotieua
248 1032 370 1106 venire,
391 1028 503 1109 Paulo,
523 1029 640 1091 viderie
654 1037 776 1106 contra3

70 1117 166 1176 'Dicae
180 1112 290 1175 licebit
304 1110 460 1193 „Myrtale
475 1115 554 1175 bibit
567 1113 721 1176 laurum.“

490 1249 528 1311 V.

78 1358 189 1436 Sexte,
209 1355 367 1418 Palatinae
381 1353 483 1425 cultor
495 1356 627 1418 tuende
640 1357 816 1436 moerore,

118 1441 242 1520 iugenio
256 1441 369 1501 iruerla
383 1442 435 1519 qui
445 1442 591 1521 propiore
606 1440 673 1517 dei;

77 1524 154 1585 Nam
167 1525 225 1584 tibi
238 1530 399 1584 nascentes
414 1522 527 1583 domiui
541 1543 727 1604 cognoscere
742 1543 828 1585 curos

119 1609 160 1668 Et
175 1614 295 1667 recreta
310 1606 395 1667 lucio
408 1613 536 1687 pectora
548 1626 640 1669 norae
654 1606 745 1668 licet:

57 1688 130 1754 usit
142 1689 227 1750 locua
243 1696 276 1751 et
288 1691 403 1750 nostrin
418 1689 519 1768 aliqua
532 1692 590 1751 tibi
603 1697 692 1771 parte
705 1689 840 1769 libellis,
917 1752 920 1759 ,

121 1775 187 1851 Qua
200 1772 303 1851 Pedo,
326 1791 384 1852 qua
398 1773 520 1833 Marrur
536 1792 655 1852 quoque
671 1772 810 1835 Catullus
825 1775 895 1835 erit.

76 1856 127 1919 Ad
141 1857 306 1937 capitolini
323 1854 466 1916 caelestia
480 1858 612 1919 carmina
627 1855 705 1919 belli
976 1864 987 1879 ·

120 1939 245 2001 Grande
259 1939 434 2001 cothurnati
446 1956 528 2020 poue
542 1938 680 2002 Maronia
695 1957 780 2020 opur·

486 2080 536 2145 v1.

77 2194 188 2253 Sinon
203 2198 251 2253 eat
264 2209 354 2271 grave
368 2209 427 2253 nec
440 2193 530 2252 nimia
544 2192 721 2272 molestum,

76 2276 202 2354 Musae,
222 2276 420 2336 Parthenium
434 2283 541 2355 rogate
556 2284 702 2338 vestrum:

55 2381 59 2385 ·
78 2360 130 2419 Sic
145 2366 177 2419 te
192 2360 292 2418 aerior
306 2364 339 2418 et
351 2360 441 2420 beata
454 2359 607 2438 quondam

79 2443 168 2502 Salvo
183 2443 314 2502 (tranare
327 2442 414 2503 finiat
427 2449 570 2503 senectus
594 2488 599 2496 .

56 2528 122 2588 citt
136 2527 178 2585 ais
191 2524 304 2589 invidia
318 2523 546 2602 montefelici,

35 2668 38 2674 <
79 2609 132 2669 Sic
146 2609 262 2669 Burrur
277 2610 339 2685 cito
355 2608 467 2668 sentiat
479 2611 655 2688 parentem:

77 2690 230 2769 Admittas
243 2692 378 2751 timidam
392 2693 578 2769 brevemque
592 2691 727 2752 chartam

78 2775 162 2835 lutra
175 2775 281 2836 limina
295 2775 455 2835 aauctioria
469 2776 559 2853 aevi„
575 2779 583 2797 ⁸
690 2831 692 2835 ,
747 2800 751 2811 ·

40 2918 43 2921 .
76 2858 166 2918 Nosti
180 2864 319 2938 tempora
332 2864 368 2919 tu
380 2858 458 2918 lovia
474 2859 593 2936 sereni,

36 2941 155 3007 locum
168 2940 269 3020 fulget
283 2939 404 3022 placido
419 2961 535 3022 auoque
548 2941 650 3022 voltu,

77 3025 145 3101 Quo
159 3024 205 3085 nil
219 3024 407 3106 supplicibus
420 3025 501 3086 aolet
514 3043 638 3102 negare.

76 3108 147 3168 Nou
163 3115 212 3169 eat
226 3107 309 3188 quod
322 3115 439 3168 metuas
452 3127 562 3189 preces
575 3111 710 3187 iniquas:

77 3191 238 3269 Nunquam
253 3191 379 3270 grandia
392 3209 451 3251 uec
464 3191 594 3251 molesta
609 3192 709 3272 poscit

78 3275 164 3351 Quae
177 3274 272 3335 cedro
287 3274 430 3336 decorata
440 3293 636 3354 purpuraque

34 3359 180 3435 15Nigria
190 3360 303 3438 pagiua
318 3359 417 3419 crevit
429 3357 594 3421 umbilicis.
637 3414 640 3421 .

66 3439 135 3500 Nec
141 3443 326 3516 porrexeris
339 3444 418 3527 latu,
441 3445 502 3508 red
514 3451 630 3509 teneto
