2264 3786
90 211 152 274 eoo
410 211 454 273 ιιι.
469 209 560 274 ιιι.
577 188 799 272 morumne

172 365 266 424 Poma
283 362 366 444 quod
378 364 509 423 hiberna
523 362 759 423 maturescentia
773 380 879 442 capsa,

213 448 334 508 Arbore
353 447 434 527 quod
447 466 541 508 verna
554 445 728 506 luxuriosus
742 464 830 525 ager;

150 533 218 594 olle
233 531 380 593 Palatinis
395 532 534 591 dominae
549 529 630 609 quod
647 529 754 590 Serica
766 528 900 610 praelis,

214 616 326 677 Sucina
338 617 475 694 virginea
489 614 571 694 qnod
585 613 760 692 regelata
737 633 844 688 mann;

171 701 328 780 Amphora
342 699 423 778 qnod
440 700 539 778 nigri,
560 697 617 758 sed
629 697 722 778 longe
737 698 854 776 fracta,
874 696 1024 779 Falerni,

214 783 336 863 Quodq
337 785 369 843 ui
386 783 520 844 Sicanias
535 781 655 843 detinet
668 784 776 842 hortus
790 800 880 861 apes;

173 867 262 946 Quod
277 868 380 928 Cosmi
393 865 539 927 redolent
552 866 704 927 alabastra
716 866 841 945 focique
855 862 1004 946 deorum,

133 964 167 1015 10
214 950 304 1029 Quod
318 950 408 1011 modo
424 950 568 1011 divitibus
580 948 667 1030 lapsa
681 969 794 1010 corona
808 951 919 1011 comis:

174 1034 300 1112 Singula
313 1033 386 1112 quid
400 1033 521 1095 dicam?
541 1053 604 1093 non
620 1040 691 1094 suut
703 1035 795 1110 satis3
815 1034 918 1095 omnia
930 1037 1043 1097 misce:

214 1118 282 1178 Hoc
296 1119 434 1196 fragrant
447 1119 537 1198 pueri
550 1118 634 1179 basia
648 1136 736 1178 mane
750 1120 820 1180 mel.

174 1201 261 1262 Scire
276 1203 361 1282 cupis
374 1202 509 1262 nomen?
528 1203 554 1262 si
571 1209 701 1282 propter
716 1204 816 1280 basia,
836 1201 952 1264 dicam:

214 1286 332 1347 Iurasti.
360 1286 492 1347 Nimium
506 1287 602 1363 scire,
622 1287 751 1364 Sabine,
772 1287 866 1368 cupis.
937 1300 939 1305 ’
1046 1348 1050 1357 ,

578 1419 667 1495 lx„

176 1533 285 1595 Clarus
299 1533 411 1594 fronde
426 1536 520 1613 lovis,
540 1535 668 1595 Romani
680 1535 761 1595 fama
776 1490 936 1614 undaurni,
1025 1520 1029 1529 ¹

217 1619 321 1699 Spirat
334 1618 465 1700 Apellea
479 1617 620 1679 redditus
635 1624 702 1679 arte
715 1620 846 1683 Memor.

523 1771 622 1833 'X.

175 1879 314 1942 Contulit
328 1875 366 1942 ad
381 1884 489 1943 satiras
502 1884 639 1962 ingentla
651 1890 778 1963 pectora
793 1881 926 1943 Turnus.

216 1967 279 2025 Cur
291 1984 352 2025 uon
367 1966 405 2026 ad
418 1967 567 2027 Memoris
582 1968 737 2029 carmina?
766 1967 877 2028 Frater
893 1972 972 2028 erat.

581 2101 631 2163 XL

177 2207 286 2289 Tolle,
308 2229 402 2291 puer,
424 2209 536 2272 calices
549 2211 707 2292 tepidique
722 2218 893 2273 toreumata
906 2210 973 2274 Nili

214 2295 256 2355 lat
269 2296 344 2356 mihi
357 2314 465 2356 secura
478 2295 586 2375 pocula
600 2295 689 2356 trade
703 2315 808 2373 manu,

175 2379 264 2439 Trita
277 2386 397 2460 patrum
410 2378 505 2440 labris
520 2385 552 2440 et
564 2387 654 2440 tonso
668 2399 744 2460 pura
757 2380 914 2453 ministr03

215 2465 343 2525 Anticus
357 2467 470 2525 mensis
483 2466 665 2525 restituetur
678 2465 786 2523 honor.

153 2547 224 2608 5Te
238 2555 346 2629 potare
361 2547 452 2617 decet
466 2566 598 2628 gemma,
620 2567 672 2627 qur
662 2548 830 2607 Mentora
842 2546 962 2625 frangis

216 2633 250 2692 lu
264 2633 420 2713 scaphium
436 2634 598 2711 moechae,
620 2628 854 2711 Sardanapalle,
875 2636 957 2691 tuae

540 2815 543 2819 .
574 2767 638 2831 llll.

178 2878 226 2937 lus
240 2878 297 2937 tihi
311 2884 451 2939 natorum
466 2878 517 2939 vel
531 2849 666 2958 septem,
689 2877 793 2955 Zoile,
816 2876 924 2954 detur,

216 2962 293 3021 Dum
307 2968 435 3022 matrem
450 2981 539 3023 nemo
556 2961 610 3022 det
623 2963 698 3040 tibi,
717 2980 807 3022 nemo
821 2968 952 3042 patrem.

568 3098 644 3160 Xlll.

175 3209 318 3287 Quisquis
332 3188 510 3271 Flaminiam
524 3213 617 3289 teris,
637 3213 751 3288 viator,

170 3291 243 3352 Noli
255 3291 363 3355 nobile
376 3296 548 3375 praeterire
565 3313 706 3354 marmor.

164 3376 261 3439 Urhis
276 3377 413 3443 deliciae
431 3378 576 3462 salesque
586 3377 672 3455 Nili,

148 3461 220 3524 Ars
235 3472 273 3528 et
286 3468 411 3550 gratia,
436 3468 527 3530 lusus
542 3473 577 3528 et
590 3462 755 3545 uoluptas,
