2264 3786
283 188 620 277 uriommmrrou
632 216 705 280 mu.
723 217 758 277 11.
994 215 1035 279 4⁵

91 371 168 430 Esse
183 374 231 427 sut
243 373 292 426 est
304 385 442 444 ervum,
463 370 522 427 ium
536 366 607 449 nolo
621 370 751 428 vicarius
767 385 845 429 esse.
932 386 935 395 ·

133 454 192 529 Qui
205 468 261 511 rex
274 458 338 527 est,
360 470 481 530 regem,
502 452 652 531 Maxime,
671 470 735 511 non
748 453 870 513 bobert.
977 486 980 491 ·

357 635 359 641 ν
485 597 564 662 XIX.

92 709 232 789 Felicem
244 711 314 770 fleri
331 708 433 779 credis
447 728 513 787 me,
534 706 641 787 zoile,
662 728 752 770 oeno:

132 794 270 855 Felicem
285 812 376 871 cena,
397 791 508 854 zoile?
537 790 650 853 deinde
666 793 739 852 tuu‘l

93 880 194 939 Debet
208 878 332 937 Aricino
349 877 471 936 comior
485 878 666 937 recumbere
680 874 775 954 clivo,

133 963 230 1038 Quem
247 968 298 1021 tuo
312 958 452 1038 felicem,
471 958 577 1039 Zoilo,
600 979 674 1019 cens
688 960 770 1021 lucit.

489 1106 555 1168 XX.

65 1196 68 1204 ἱ
92 1221 234 1282 Carmine
247 1216 359 1278 Paulus
374 1220 464 1296 emit,
485 1219 597 1278 recitat
611 1235 665 1276 suu
680 1219 812 1279 ommino
825 1218 945 1284 Paulus
1021 1248 1025 1257 ·
1047 1268 1051 1274 ,

132 1304 208 1364 Nam
223 1301 305 1382 quod
319 1321 417 1380 emus,
438 1301 538 1384 possis
551 1301 619 1360 iure
635 1319 744 1361 voosre
759 1309 852 1368 tuum.

486 1448 565 1510 xxi.

92 1565 180 1641 Busia
194 1563 247 1623 dos
260 1560 345 1639 aliis,
366 1559 434 1622 ullis
450 1560 520 1640 dos,
542 1563 703 1640 Postume,
726 1563 873 1624 dextram.

133 1648 217 1706 Dicis
231 1647 362 1724 „Utrum
379 1647 495 1705 moris?
517 1643 633 1724 elige.“
661 1645 745 1707 Malo
759 1667 887 1710 mmmm.

484 1806 575 1867 XXll.

92 1919 173 1997 Quid
187 1921 262 1979 mibi
276 1920 430 1986 vobiscum
445 1924 510 1997 est,
530 1940 548 1979 o
562 1919 689 1979 Phoebe
707 1938 877 1998 novemque
890 1922 1036 1980 sorores?

133 2004 215 2063 Ecce
232 2011 324 2064 uocet
338 2004 398 2062 voti
413 2003 503 2063 Musa
516 2004 621 2063 iocoso
634 2022 698 2065 suo.
742 2052 745 2063 .

92 2086 223 2146 Dimidio
238 2088 327 2146 uobis
344 2085 418 2146 dure
432 2086 593 2148 Postumus
608 2092 679 2147 unte
693 2084 812 2147 solebat

132 2171 235 2247 Basia,
256 2189 336 2229 nuuc
352 2169 438 2230 labro
455 2172 557 2251 eoepit
570 2178 702 2250 utroque
718 2170 802 2232 dure.

469 2333 574 2398 XXlll.

91 2444 160 2502 Non
178 2442 291 2520 dicam,
311 2441 388 2504 licet
400 2465 497 2527 usque
514 2466 563 2507 me
577 2451 708 2524 rogetis,

92 2527 166 2602 Quis
181 2527 223 2584 sit
234 2527 396 2596 Postumus
410 2531 443 2588 in
457 2548 525 2589 meo
538 2529 663 2607 libello,

90 2610 159 2669 Non
175 2608 288 2670 dicum:
311 2611 385 2690 quid
400 2614 482 2672 euim
496 2614 570 2672 mibi
587 2632 715 2674 necesse
730 2620 777 2677 est

91 2694 155 2753 Hos
170 2692 330 2754 offendere
344 2696 555 2773 basiationes,
718 2755 721 2759 .

71 2780 179 2853 5Quee
194 2796 228 2837 se
245 2784 306 2837 tum
320 2780 400 2839 bene
415 2780 571 2841 vindicare
584 2782 734 2863 possunt?

387 2892 415 2936 ⁵
470 2929 596 2992 mou·

94 3037 126 3096 Si
142 3037 196 3098 det
208 3039 314 3118 iniquo
327 3041 384 3099 tibi
399 3041 519 3101 tristem
536 3041 658 3102 ior-tuns
670 3047 803 3121 reatum,

135 3121 298 3200 Squalidus
312 3125 446 3184 haerebo
462 3123 667 3205 pallidiorque
681 3145 753 3186 reo:

93 3204 126 3262 Si
140 3206 358 3286 iubeotpatria
372 3207 542 3267 damnatum
559 3208 710 3270 excedere
725 3216 824 3283 tem,

135 3286 202 3349 Per*
211 3290 308 3368 freto,
329 3308 387 3370 per
402 3283 542 3372 scopulos
556 3291 652 3352 exulis
666 3293 716 3352 ibo
733 3309 844 3354 comes.

71 3369 152 3432 sort
165 3373 223 3432 tibi
239 3371 371 3434 divitius.⁴
396 3374 542 3452 „Ecquid
551 3383 621 3434 sunt
634 3378 693 3435 istu
708 3374 834 3435 duorum
841 3375 880 3434 ‘P‘

135 3455 194 3515 Das
210 3457 352 3535 partem?
376 3455 530 3536 „Multum
544 3459 623 3517 est.“
659 3456 815 3539 Candide,
833 3459 888 3520 dus
901 3450 1041 3536 uliquid‘i
1092 3500 1095 3503 -
