2264 3786
298 158 633 269 urionnnornuon
646 206 719 270 um.
735 207 785 270 ιι.
997 206 1059 271 sos

94 310 246 420 5Romaui
261 354 354 417 decus
369 362 402 416 et
417 354 507 417 dolor
520 357 636 418 theatri

114 442 217 521 Atque
233 458 338 500 omues
351 440 493 501 Veneres
508 440 738 522 Cupidinesque

114 526 183 585 Hoc
200 531 272 585 sunt
288 521 425 602 condita,
449 542 509 603 quo
521 525 626 604 Paris,
646 524 798 607 sepulcro.

505 657 584 720 xlv.

114 770 273 848 Heredes,
292 768 390 831 nolite
406 772 531 832 brevem
549 770 684 851 sepelire
699 770 856 833 colonum:

154 855 228 916 Nam
242 862 326 914 terra
339 862 388 915 est
402 853 451 914 illi
464 853 730 936 quantulacunque
745 857 853 936 gravio

507 986 574 1051 XV.

112 1102 191 1161 Sunt
205 1101 328 1162 chartae
343 1101 434 1179 mihi,
457 1119 532 1179 quaa
545 1100 670 1161 Catonis
683 1119 760 1162 uxor

111 1188 153 1246 Et
168 1203 239 1262 quas
253 1182 419 1245 horribiles
432 1182 538 1263 legant
551 1183 692 1248 Sabinae.

112 1269 173 1328 Hic
187 1274 270 1328 totus
284 1266 353 1328 volo
369 1266 470 1337 rideat
482 1266 609 1329 libellus

111 1354 154 1413 Et
167 1353 208 1411 sit
221 1352 352 1432 nequior
367 1351 506 1411 omnibus
518 1348 654 1429 libellis,

91 1435 175 1512 5Qui
188 1437 258 1495 vino
272 1434 393 1496 madeat
406 1453 464 1496 nec
477 1435 640 1496 erubescat

112 1520 222 1596 Pingui
239 1518 382 1579 sordidus
395 1537 464 1579 esse
481 1519 653 1581 Cosmiano.
702 1582 705 1587 ,

112 1601 212 1663 Ludat
226 1622 293 1662 cum
308 1604 429 1684 pueris,
451 1608 532 1663 amet
548 1600 685 1682 puellas;

112 1686 176 1746 Nec
188 1704 246 1767 per
261 1688 405 1747 circuitus
418 1684 561 1766 loquatur
574 1683 675 1763 illam,

111 1772 158 1832 Ex
174 1790 232 1850 qua
245 1772 412 1848 nascimur,
435 1770 566 1831 omnium
581 1773 758 1850 parentem,

71 1867 104 1917 10
111 1855 206 1931 Quam
220 1861 341 1915 sauctus
353 1854 450 1915 Numa
463 1851 629 1914 mentulam
643 1853 778 1913 vocabat.
844 1904 848 1913 ,

112 1939 228 2001 Versus
246 1938 303 1998 bos
316 1943 420 1999 tamen
433 1955 502 1999 esse
515 1943 550 1999 tu
562 1942 716 1999 memento

113 2020 348 2100 Saturnalicios,
368 2018 565 2102 Apollinaris.

88 2136 94 2146 ·
115 2107 221 2166 Mores
235 2107 408 2166 nonhabet
421 2106 473 2167 hic
485 2123 571 2167 meos
583 2101 720 2165 libellus.

508 2254 587 2317 xvi.

114 2369 172 2443 Qui
187 2367 286 2445 gravis
300 2384 334 2426 es
348 2367 490 2445 nimium,
511 2373 601 2447 potes
614 2368 687 2426 hinc
702 2367 782 2442 iam,
800 2364 919 2444 lector,
940 2367 1025 2426 abire

155 2452 221 2527 Quo
235 2449 327 2510 libet:
347 2451 482 2527 urbanae
496 2451 672 2530 scripsimus
684 2450 745 2508 iata
757 2455 857 2526 togae.

112 2535 187 2595 Nam
204 2552 271 2593 mea
284 2533 460 2612 Lampsacio
475 2530 595 2593 lascivit
607 2533 717 2613 pagina
730 2550 821 2592 versu
862 2574 865 2579 ,

154 2619 194 2678 Et
209 2617 404 2677 Tartessiaco
418 2623 584 2696 concrepat
598 2634 670 2675 aera
682 2634 780 2677 manu.

115 2702 140 2762 0
157 2702 298 2780 quotiens
314 2699 413 2779 rigida
426 2699 562 2781 pulsabis
575 2698 668 2781 pallia
681 2717 774 2776 vena,

156 2787 205 2845 Sis
221 2785 340 2862 gravior
357 2786 450 2845 Curio
463 2785 668 2864 Fabricioque
681 2781 772 2843 licet!

114 2869 163 2929 Tu
178 2886 300 2948 quoque
315 2870 467 2948 nequitias
481 2869 581 2928 nostri
594 2866 741 2947 lususque
754 2866 857 2928 libelli

154 2953 223 3014 Uda
238 2950 342 3032 puella
353 2951 455 3032 legas,
474 2954 516 3013 sis
530 2953 675 3013 Patavina
686 2950 769 3012 licet.
826 2964 829 2969 '

113 3039 245 3098 Erubuit
257 3037 420 3116 posuitque
434 3056 533 3097 meum
547 3035 691 3097 Lucretia
703 3035 833 3108 librum3

71 3133 105 3183 10
155 3120 218 3181 Sed
233 3139 335 3180 coram
347 3120 460 3195 Bruto,
479 3121 590 3200 Brute,
612 3118 740 3180 recede:
760 3116 854 3220 leget.

500 3253 592 3316 xvil.

113 3368 182 3428 Non
196 3369 293 3427 omnis
306 3369 404 3427 nostri
417 3375 570 3430 nocturna
585 3373 635 3430 est
646 3363 870 3448 paginalsbr‘na
911 3394 917 3413 ι
986 3446 989 3452 Ι

149 3450 290 3510 invenies
304 3457 338 3511 et
351 3452 438 3532 quod
450 3474 564 3537 mane,
579 3454 734 3535 ‚Sabinos
746 3451 873 3588 agap,
884 3521 906 3558 ,ι
1026 3560 1030 3563 ,
