<?xml version="1.0" encoding="UTF-8"?>
<!DOCTYPE html PUBLIC "-//W3C//DTD XHTML 1.0 Transitional//EN"
    "http://www.w3.org/TR/xhtml1/DTD/xhtml1-transitional.dtd">
<html xmlns="http://www.w3.org/1999/xhtml" xml:lang="en" lang="en">
 <head>
  <title>
</title>
<meta http-equiv="Content-Type" content="text/html;charset=utf-8" />
  <meta name='ocr-system' content='tesseract 3.04.00' />
  <meta name='ocr-capabilities' content='ocr_page ocr_carea ocr_par ocr_line ocrx_word'/>
</head>
<body>
  <div class='ocr_page' id='page_1' title='image "./epigrammatonlib00martgoog_0248.png"; bbox 0 0 2264 3786; ppageno 0'>
   <div class='ocr_carea' id='block_1_1' title="bbox 255 199 1011 268">
    <p class='ocr_par' dir='ltr' id='par_1_1' title="bbox 255 199 1011 268">
     <span class='ocr_line' id='line_1_1' title="bbox 255 199 1011 268; baseline 0.009 -7"><span class='ocrx_word' id='word_1_1' title='bbox 255 199 594 264; x_wconf 72' lang='lat' dir='ltr'><strong>EPIGRAMMATON</strong></span> <span class='ocrx_word' id='word_1_2' title='bbox 608 203 684 266; x_wconf 88' lang='lat' dir='ltr'><strong>LlB.</strong></span> <span class='ocrx_word' id='word_1_3' title='bbox 699 202 737 266; x_wconf 84' lang='grc' dir='ltr'><strong>Χ.</strong></span> <span class='ocrx_word' id='word_1_4' title='bbox 949 202 1011 268; x_wconf 76' lang='lat'><strong>227</strong></span> 
     </span>
    </p>
   </div>
   <div class='ocr_carea' id='block_1_2' title="bbox 21 350 787 851">
    <p class='ocr_par' dir='ltr' id='par_1_2' title="bbox 21 350 787 851">
     <span class='ocr_line' id='line_1_2' title="bbox 22 350 700 432; baseline -0.01 -13"><span class='ocrx_word' id='word_1_5' title='bbox 22 408 26 419; x_wconf 87' lang='lat'>.</span> <span class='ocrx_word' id='word_1_6' title='bbox 64 355 152 416; x_wconf 83' lang='lat' dir='ltr'>Voce</span> <span class='ocrx_word' id='word_1_7' title='bbox 166 350 357 432; x_wconf 86' lang='lat' dir='ltr'><strong>utloquatur</strong></span> <span class='ocrx_word' id='word_1_8' title='bbox 370 355 518 432; x_wconf 73' lang='lat' dir='ltr'><strong>psittacus</strong></span> <span class='ocrx_word' id='word_1_9' title='bbox 533 353 700 414; x_wconf 77' lang='lat' dir='ltr'><strong>coturnicis</strong></span> 
     </span>
     <span class='ocr_line' id='line_1_3' title="bbox 62 435 787 516; baseline -0.004 -18"><span class='ocrx_word' id='word_1_10' title='bbox 62 439 106 498; x_wconf 85' lang='lat' dir='ltr'><strong>Et</strong></span> <span class='ocrx_word' id='word_1_11' title='bbox 121 438 315 516; x_wconf 86' lang='lat' dir='ltr'><strong>concupiscat</strong></span> <span class='ocrx_word' id='word_1_12' title='bbox 331 456 399 497; x_wconf 89' lang='lat' dir='ltr'><strong>esse</strong></span> <span class='ocrx_word' id='word_1_13' title='bbox 416 439 516 497; x_wconf 84' lang='lat' dir='ltr'><strong>Oanos</strong></span> <span class='ocrx_word' id='word_1_14' title='bbox 530 435 689 497; x_wconf 76' lang='lat' dir='ltr'><strong>ascaules&#39;l</strong></span> <span class='ocrx_word' id='word_1_15' title='bbox 763 490 767 501; x_wconf 90' lang='grc'><em>,</em></span> <span class='ocrx_word' id='word_1_16' title='bbox 784 474 787 479; x_wconf 95' lang='grc'><strong>-</strong></span> 
     </span>
     <span class='ocr_line' id='line_1_4' title="bbox 63 519 691 599; baseline -0.003 -18"><span class='ocrx_word' id='word_1_17' title='bbox 63 520 178 581; x_wconf 83' lang='lat' dir='ltr'><strong>P&#39;rocul</strong></span> <span class='ocrx_word' id='word_1_18' title='bbox 194 540 211 579; x_wconf 91' lang='lat' dir='ltr'><strong>a</strong></span> <span class='ocrx_word' id='word_1_19' title='bbox 223 519 338 580; x_wconf 86' lang='lat' dir='ltr'><strong>libellis</strong></span> <span class='ocrx_word' id='word_1_20' title='bbox 351 521 438 599; x_wconf 80' lang='lat' dir='ltr'><strong>nigra</strong></span> <span class='ocrx_word' id='word_1_21' title='bbox 453 522 493 580; x_wconf 82' lang='lat' dir='ltr'><strong>sit</strong></span> <span class='ocrx_word' id='word_1_22' title='bbox 505 521 581 580; x_wconf 87' lang='lat' dir='ltr'><strong>meis</strong></span> <span class='ocrx_word' id='word_1_23' title='bbox 595 521 691 596; x_wconf 85' lang='lat' dir='ltr'><strong>fama,</strong></span> 
     </span>
     <span class='ocr_line' id='line_1_5' title="bbox 21 603 727 683; baseline -0.008 -15"><span class='ocrx_word' id='word_1_24' title='bbox 21 607 148 681; x_wconf 81' lang='lat' dir='ltr'><strong>10Quos</strong></span> <span class='ocrx_word' id='word_1_25' title='bbox 162 624 267 664; x_wconf 91' lang='lat' dir='ltr'><strong>rumor</strong></span> <span class='ocrx_word' id='word_1_26' title='bbox 280 603 349 664; x_wconf 91' lang='lat' dir='ltr'><strong>alba</strong></span> <span class='ocrx_word' id='word_1_27' title='bbox 362 623 516 682; x_wconf 82' lang='lat' dir='ltr'><strong>gemmeus</strong></span> <span class='ocrx_word' id='word_1_28' title='bbox 528 605 614 663; x_wconf 82' lang='lat' dir='ltr'><strong>uehit</strong></span> <span class='ocrx_word' id='word_1_29' title='bbox 626 605 727 683; x_wconf 90' lang='lat' dir='ltr'><strong>pinna.</strong></span> 
     </span>
     <span class='ocr_line' id='line_1_6' title="bbox 64 687 737 767; baseline -0.003 -19"><span class='ocrx_word' id='word_1_30' title='bbox 64 691 130 748; x_wconf 86' lang='lat' dir='ltr'><strong>Cur</strong></span> <span class='ocrx_word' id='word_1_31' title='bbox 144 706 200 767; x_wconf 83' lang='lat' dir='ltr'><strong>ego</strong></span> <span class='ocrx_word' id='word_1_32' title='bbox 216 687 352 747; x_wconf 88' lang='lat' dir='ltr'><strong>laborem</strong></span> <span class='ocrx_word' id='word_1_33' title='bbox 366 695 456 748; x_wconf 88' lang='lat' dir='ltr'><strong>notus</strong></span> <span class='ocrx_word' id='word_1_34' title='bbox 470 705 538 747; x_wconf 89' lang='lat' dir='ltr'><strong>esse</strong></span> <span class='ocrx_word' id='word_1_35' title='bbox 553 694 613 747; x_wconf 91' lang='lat' dir='ltr'><strong>tam</strong></span> <span class='ocrx_word' id='word_1_36' title='bbox 627 704 737 766; x_wconf 87' lang='lat' dir='ltr'><strong>prave,</strong></span> 
     </span>
     <span class='ocr_line' id='line_1_7' title="bbox 65 770 709 851; baseline -0.006 -18"><span class='ocrx_word' id='word_1_37' title='bbox 65 773 216 833; x_wconf 84' lang='lat' dir='ltr'><strong>Constare</strong></span> <span class='ocrx_word' id='word_1_38' title='bbox 230 772 325 850; x_wconf 79' lang='lat' dir='ltr'><strong>gratis</strong></span> <span class='ocrx_word' id='word_1_39' title='bbox 340 791 408 832; x_wconf 90' lang='lat' dir='ltr'><strong>cum</strong></span> <span class='ocrx_word' id='word_1_40' title='bbox 421 771 576 831; x_wconf 89' lang='lat' dir='ltr'><strong>silentium</strong></span> <span class='ocrx_word' id='word_1_41' title='bbox 588 770 709 851; x_wconf 78' lang='lat' dir='ltr'><strong>possit‘.²</strong></span> 
     </span>
    </p>
   </div>
   <div class='ocr_carea' id='block_1_3' title="bbox 468 905 552 968">
    <p class='ocr_par' dir='ltr' id='par_1_3' title="bbox 468 905 552 968">
     <span class='ocr_line' id='line_1_8' title="bbox 468 905 552 968; baseline 0.012 -4"><span class='ocrx_word' id='word_1_42' title='bbox 468 905 518 968; x_wconf 91' lang='lat' dir='ltr'><strong>lV.</strong></span> <span class='ocrx_word' id='word_1_43' title='bbox 539 908 552 927; x_wconf 90' lang='lat'><strong><em>‘</em></strong></span> 
     </span>
    </p>
   </div>
   <div class='ocr_carea' id='block_1_4' title="bbox 15 1013 981 1927">
    <p class='ocr_par' dir='ltr' id='par_1_4' title="bbox 15 1013 981 1927">
     <span class='ocr_line' id='line_1_9' title="bbox 65 1013 864 1096; baseline 0.003 -21"><span class='ocrx_word' id='word_1_44' title='bbox 65 1018 126 1094; x_wconf 78' lang='lat' dir='ltr'><strong>Qui</strong></span> <span class='ocrx_word' id='word_1_45' title='bbox 138 1014 217 1093; x_wconf 84' lang='lat' dir='ltr'><strong>legis</strong></span> <span class='ocrx_word' id='word_1_46' title='bbox 231 1014 412 1096; x_wconf 85' lang='lat' dir='ltr'><strong>Oedipoden</strong></span> <span class='ocrx_word' id='word_1_47' title='bbox 429 1013 671 1095; x_wconf 80' lang='lat' dir='ltr'><strong>caligantemque</strong></span> <span class='ocrx_word' id='word_1_48' title='bbox 688 1016 864 1096; x_wconf 82' lang='lat' dir='ltr'><strong>Thyesten,</strong></span> 
     </span>
     <span class='ocr_line' id='line_1_10' title="bbox 108 1098 900 1180; baseline 0.003 -21"><span class='ocrx_word' id='word_1_49' title='bbox 108 1098 269 1159; x_wconf 84' lang='lat' dir='ltr'><strong>Colchidas</strong></span> <span class='ocrx_word' id='word_1_50' title='bbox 284 1107 317 1158; x_wconf 90' lang='lat' dir='ltr'><strong>et</strong></span> <span class='ocrx_word' id='word_1_51' title='bbox 331 1098 465 1178; x_wconf 89' lang='lat' dir='ltr'><strong>Scyllas,</strong></span> <span class='ocrx_word' id='word_1_52' title='bbox 487 1098 560 1177; x_wconf 89' lang='lat' dir='ltr'><strong>quid</strong></span> <span class='ocrx_word' id='word_1_53' title='bbox 574 1101 635 1159; x_wconf 87' lang='lat' dir='ltr'><strong>nisi</strong></span> <span class='ocrx_word' id='word_1_54' title='bbox 651 1107 787 1161; x_wconf 92' lang='lat' dir='ltr'><strong>monstra</strong></span> <span class='ocrx_word' id='word_1_55' title='bbox 800 1101 900 1180; x_wconf 68' lang='lat' dir='ltr'><strong>legis?</strong></span> 
     </span>
     <span class='ocr_line' id='line_1_11' title="bbox 64 1182 981 1264; baseline 0.003 -23"><span class='ocrx_word' id='word_1_56' title='bbox 64 1182 146 1262; x_wconf 79' lang='lat' dir='ltr'><strong>Quid</strong></span> <span class='ocrx_word' id='word_1_57' title='bbox 159 1184 216 1242; x_wconf 91' lang='lat' dir='ltr'><strong>tibi</strong></span> <span class='ocrx_word' id='word_1_58' title='bbox 229 1189 334 1264; x_wconf 86' lang='lat' dir='ltr'><strong>raptus</strong></span> <span class='ocrx_word' id='word_1_59' title='bbox 349 1182 461 1262; x_wconf 80' lang='lat' dir='ltr'><strong>Hylas,</strong></span> <span class='ocrx_word' id='word_1_60' title='bbox 481 1182 554 1261; x_wconf 88' lang='lat' dir='ltr'><strong>quid</strong></span> <span class='ocrx_word' id='word_1_61' title='bbox 567 1183 818 1264; x_wconf 84' lang='lat' dir='ltr'><strong>Parthenopaeus</strong></span> <span class='ocrx_word' id='word_1_62' title='bbox 833 1193 866 1246; x_wconf 86' lang='lat' dir='ltr'><strong>et</strong></span> <span class='ocrx_word' id='word_1_63' title='bbox 881 1186 981 1263; x_wconf 84' lang='lat' dir='ltr'><strong>Attis,</strong></span> 
     </span>
     <span class='ocr_line' id='line_1_12' title="bbox 106 1263 788 1345; baseline 0.003 -20"><span class='ocrx_word' id='word_1_64' title='bbox 106 1263 187 1343; x_wconf 78' lang='lat' dir='ltr'><strong>Quid</strong></span> <span class='ocrx_word' id='word_1_65' title='bbox 200 1266 257 1325; x_wconf 89' lang='lat' dir='ltr'><strong>tibi</strong></span> <span class='ocrx_word' id='word_1_66' title='bbox 275 1264 430 1325; x_wconf 88' lang='lat' dir='ltr'><strong>dormitor·</strong></span> <span class='ocrx_word' id='word_1_67' title='bbox 438 1264 580 1344; x_wconf 88' lang='lat' dir='ltr'><strong>proderit</strong></span> <span class='ocrx_word' id='word_1_68' title='bbox 593 1264 788 1345; x_wconf 71' lang='lat' dir='ltr'><strong>Endymion?</strong></span> 
     </span>
     <span class='ocr_line' id='line_1_13' title="bbox 36 1344 864 1429; baseline -0.004 -16"><span class='ocrx_word' id='word_1_69' title='bbox 36 1353 216 1414; x_wconf 71' lang='lat' dir='ltr'><strong>elixatum</strong></span> <span class='ocrx_word' id='word_1_70' title='bbox 230 1368 309 1429; x_wconf 91' lang='lat' dir='ltr'><strong>puer</strong></span> <span class='ocrx_word' id='word_1_71' title='bbox 323 1350 424 1428; x_wconf 90' lang='lat' dir='ltr'><strong>pinnis</strong></span> <span class='ocrx_word' id='word_1_72' title='bbox 437 1347 636 1408; x_wconf 74' lang='lat' dir='ltr'><strong>labentibus?</strong></span> <span class='ocrx_word' id='word_1_73' title='bbox 657 1358 708 1411; x_wconf 92' lang='lat' dir='ltr'><strong>aut</strong></span> <span class='ocrx_word' id='word_1_74' title='bbox 723 1354 776 1429; x_wconf 88' lang='lat' dir='ltr'><strong>qui</strong></span> <span class='ocrx_word' id='word_1_75' title='bbox 790 1344 792 1349; x_wconf 66' lang='grc'>’</span> <span class='ocrx_word' id='word_1_76' title='bbox 861 1356 864 1362; x_wconf 65' lang='grc'><em>“</em></span> 
     </span>
     <span class='ocr_line' id='line_1_14' title="bbox 106 1430 774 1512; baseline -0.001 -19"><span class='ocrx_word' id='word_1_77' title='bbox 106 1434 180 1494; x_wconf 83' lang='lat' dir='ltr'><strong>Odit</strong></span> <span class='ocrx_word' id='word_1_78' title='bbox 195 1435 355 1493; x_wconf 77' lang='lat' dir='ltr'><strong>amatrices</strong></span> <span class='ocrx_word' id='word_1_79' title='bbox 368 1431 644 1512; x_wconf 86' lang='lat' dir='ltr'><strong>Hermaphroditus</strong></span> <span class='ocrx_word' id='word_1_80' title='bbox 658 1430 774 1512; x_wconf 73' lang='lat' dir='ltr'><strong>aqusa‘l</strong></span> 
     </span>
     <span class='ocr_line' id='line_1_15' title="bbox 63 1516 845 1595; baseline -0.001 -18"><span class='ocrx_word' id='word_1_81' title='bbox 63 1518 144 1595; x_wconf 79' lang='lat' dir='ltr'><strong>Quid</strong></span> <span class='ocrx_word' id='word_1_82' title='bbox 159 1524 191 1577; x_wconf 90' lang='lat' dir='ltr'><strong>te</strong></span> <span class='ocrx_word' id='word_1_83' title='bbox 204 1537 280 1577; x_wconf 77' lang='lat' dir='ltr'><strong>uana</strong></span> <span class='ocrx_word' id='word_1_84' title='bbox 294 1519 396 1585; x_wconf 80' lang='lat' dir='ltr'><strong>iuuant</strong></span> <span class='ocrx_word' id='word_1_85' title='bbox 408 1518 538 1576; x_wconf 85' lang='lat' dir='ltr'><strong>miserae</strong></span> <span class='ocrx_word' id='word_1_86' title='bbox 552 1516 685 1576; x_wconf 89' lang='lat' dir='ltr'><strong>ludibria</strong></span> <span class='ocrx_word' id='word_1_87' title='bbox 699 1518 845 1578; x_wconf 80' lang='lat' dir='ltr'><strong>chartae‘.l</strong></span> 
     </span>
     <span class='ocr_line' id='line_1_16' title="bbox 105 1599 927 1680; baseline 0 -19"><span class='ocrx_word' id='word_1_88' title='bbox 105 1603 173 1661; x_wconf 92' lang='lat' dir='ltr'><strong>Hoc</strong></span> <span class='ocrx_word' id='word_1_89' title='bbox 191 1599 279 1678; x_wconf 80' lang='lat' dir='ltr'><strong>lege,</strong></span> <span class='ocrx_word' id='word_1_90' title='bbox 302 1601 383 1680; x_wconf 92' lang='lat' dir='ltr'><strong>quod</strong></span> <span class='ocrx_word' id='word_1_91' title='bbox 397 1601 494 1680; x_wconf 88' lang='lat' dir='ltr'><strong>possit</strong></span> <span class='ocrx_word' id='word_1_92' title='bbox 510 1599 614 1659; x_wconf 87' lang='lat' dir='ltr'><strong>dicere</strong></span> <span class='ocrx_word' id='word_1_93' title='bbox 629 1601 690 1660; x_wconf 89' lang='lat' dir='ltr'><strong>vita</strong></span> <span class='ocrx_word' id='word_1_94' title='bbox 702 1602 829 1679; x_wconf 89' lang='lat' dir='ltr'><strong>„Meum</strong></span> <span class='ocrx_word' id='word_1_95' title='bbox 847 1602 927 1664; x_wconf 82' lang='lat' dir='ltr'><strong>est.“</strong></span> 
     </span>
     <span class='ocr_line' id='line_1_17' title="bbox 61 1683 883 1765; baseline -0.002 -19"><span class='ocrx_word' id='word_1_96' title='bbox 61 1686 131 1746; x_wconf 93' lang='lat' dir='ltr'><strong>Non</strong></span> <span class='ocrx_word' id='word_1_97' title='bbox 144 1685 196 1744; x_wconf 86' lang='lat' dir='ltr'><strong>hio</strong></span> <span class='ocrx_word' id='word_1_98' title='bbox 211 1684 399 1762; x_wconf 73' lang='lat' dir='ltr'><strong>Centauros,</strong></span> <span class='ocrx_word' id='word_1_99' title='bbox 420 1703 481 1744; x_wconf 92' lang='lat' dir='ltr'><strong>non</strong></span> <span class='ocrx_word' id='word_1_100' title='bbox 497 1683 656 1764; x_wconf 79' lang='lat' dir='ltr'><strong>Gorgonas</strong></span> <span class='ocrx_word' id='word_1_101' title='bbox 670 1685 883 1765; x_wconf 86' lang='lat' dir='ltr'><strong>Harpyiasque</strong></span> 
     </span>
     <span class='ocr_line' id='line_1_18' title="bbox 15 1760 775 1848; baseline -0.004 -17"><span class='ocrx_word' id='word_1_102' title='bbox 15 1781 55 1831; x_wconf 91' lang='lat'><strong>10</strong></span> <span class='ocrx_word' id='word_1_103' title='bbox 104 1768 257 1828; x_wconf 81' lang='lat' dir='ltr'><strong>Invenies:</strong></span> <span class='ocrx_word' id='word_1_104' title='bbox 278 1760 432 1827; x_wconf 88' lang='lat' dir='ltr'><strong>ho&#39;minem</strong></span> <span class='ocrx_word' id='word_1_105' title='bbox 444 1768 554 1847; x_wconf 86' lang='lat' dir='ltr'><strong>pagina</strong></span> <span class='ocrx_word' id='word_1_106' title='bbox 567 1772 673 1826; x_wconf 87' lang='lat' dir='ltr'><strong>nostra</strong></span> <span class='ocrx_word' id='word_1_107' title='bbox 689 1770 775 1848; x_wconf 81' lang='lat' dir='ltr'><strong>sapit.</strong></span> 
     </span>
     <span class='ocr_line' id='line_1_19' title="bbox 64 1850 876 1927; baseline 0 -14"><span class='ocrx_word' id='word_1_108' title='bbox 64 1852 128 1913; x_wconf 86' lang='lat' dir='ltr'><strong>Sed</strong></span> <span class='ocrx_word' id='word_1_109' title='bbox 141 1870 202 1910; x_wconf 89' lang='lat' dir='ltr'><strong>non</strong></span> <span class='ocrx_word' id='word_1_110' title='bbox 215 1852 277 1926; x_wconf 84' lang='lat' dir='ltr'><strong>vis,</strong></span> <span class='ocrx_word' id='word_1_111' title='bbox 298 1850 470 1924; x_wconf 85' lang='lat' dir='ltr'><strong>Mamurra,</strong></span> <span class='ocrx_word' id='word_1_112' title='bbox 490 1856 560 1909; x_wconf 86' lang='lat' dir='ltr'><strong>tuos</strong></span> <span class='ocrx_word' id='word_1_113' title='bbox 574 1869 760 1927; x_wconf 83' lang='lat' dir='ltr'><strong>cognoscere</strong></span> <span class='ocrx_word' id='word_1_114' title='bbox 774 1870 876 1913; x_wconf 89' lang='lat' dir='ltr'><strong>mores</strong></span> 
     </span>
    </p>
   </div>
   <div class='ocr_carea' id='block_1_5' title="bbox 104 1931 734 2128">
    <p class='ocr_par' dir='ltr' id='par_1_5' title="bbox 104 1931 734 2128">
     <span class='ocr_line' id='line_1_20' title="bbox 104 1931 734 2012; baseline 0 -17"><span class='ocrx_word' id='word_1_115' title='bbox 104 1936 214 1995; x_wconf 88' lang='lat' dir='ltr'><strong>Necte</strong></span> <span class='ocrx_word' id='word_1_116' title='bbox 228 1935 323 1995; x_wconf 88' lang='lat' dir='ltr'><strong>scire:</strong></span> <span class='ocrx_word' id='word_1_117' title='bbox 344 1932 428 2012; x_wconf 85' lang='lat' dir='ltr'><strong>legas</strong></span> <span class='ocrx_word' id='word_1_118' title='bbox 442 1933 533 1992; x_wconf 84' lang='lat' dir='ltr'><strong>Aetia</strong></span> <span class='ocrx_word' id='word_1_119' title='bbox 547 1931 734 1995; x_wconf 76' lang='lat' dir='ltr'><strong>Callimachi.</strong></span> 
     </span>
     <span class='ocr_line' id='line_1_21' title="bbox 212 2062 515 2128; baseline -0.007 1"><span class='ocrx_word' id='word_1_120' title='bbox 212 2062 216 2073; x_wconf 82' lang='lat'>&#39;</span> <span class='ocrx_word' id='word_1_121' title='bbox 478 2067 515 2128; x_wconf 86' lang='lat' dir='ltr'><strong>V.</strong></span> 
     </span>
    </p>
   </div>
   <div class='ocr_carea' id='block_1_6' title="bbox 16 2179 772 3515">
    <p class='ocr_par' dir='ltr' id='par_1_6' title="bbox 18 2179 772 3178">
     <span class='ocr_line' id='line_1_22' title="bbox 64 2179 772 2262; baseline 0.006 -24"><span class='ocrx_word' id='word_1_122' title='bbox 64 2181 208 2259; x_wconf 79' lang='lat' dir='ltr'><strong>Quisquis</strong></span> <span class='ocrx_word' id='word_1_123' title='bbox 226 2179 359 2240; x_wconf 84' lang='lat' dir='ltr'><strong>stolaeve</strong></span> <span class='ocrx_word' id='word_1_124' title='bbox 372 2198 564 2260; x_wconf 85' lang='lat' dir='ltr'><strong>purpuraeve</strong></span> <span class='ocrx_word' id='word_1_125' title='bbox 579 2186 772 2262; x_wconf 89' lang='lat' dir='ltr'><strong>contemptor</strong></span> 
     </span>
     <span class='ocr_line' id='line_1_23' title="bbox 64 2262 731 2344; baseline 0.001 -21"><span class='ocrx_word' id='word_1_126' title='bbox 64 2264 148 2340; x_wconf 82' lang='lat' dir='ltr'><strong>Quos</strong></span> <span class='ocrx_word' id='word_1_127' title='bbox 162 2263 265 2324; x_wconf 89' lang='lat' dir='ltr'><strong>colere</strong></span> <span class='ocrx_word' id='word_1_128' title='bbox 283 2262 392 2341; x_wconf 89' lang='lat' dir='ltr'><strong>debet,</strong></span> <span class='ocrx_word' id='word_1_129' title='bbox 413 2262 505 2323; x_wconf 87' lang='lat' dir='ltr'><strong>laesit</strong></span> <span class='ocrx_word' id='word_1_130' title='bbox 517 2264 610 2344; x_wconf 92' lang='lat' dir='ltr'><strong>impio</strong></span> <span class='ocrx_word' id='word_1_131' title='bbox 624 2282 731 2343; x_wconf 82' lang='lat' dir='ltr'><strong>uersu,</strong></span> 
     </span>
     <span class='ocr_line' id='line_1_24' title="bbox 61 2345 698 2426; baseline 0.002 -21"><span class='ocrx_word' id='word_1_132' title='bbox 61 2348 158 2406; x_wconf 85' lang='lat' dir='ltr'><strong>Erret</strong></span> <span class='ocrx_word' id='word_1_133' title='bbox 172 2365 228 2426; x_wconf 90' lang='lat' dir='ltr'><strong>per</strong></span> <span class='ocrx_word' id='word_1_134' title='bbox 242 2347 349 2405; x_wconf 87' lang='lat' dir='ltr'><strong>urbem</strong></span> <span class='ocrx_word' id='word_1_135' title='bbox 364 2349 467 2426; x_wconf 80' lang='lat' dir='ltr'><strong>pontis</strong></span> <span class='ocrx_word' id='word_1_136' title='bbox 482 2346 551 2407; x_wconf 84' lang='lat' dir='ltr'><strong>exul</strong></span> <span class='ocrx_word' id='word_1_137' title='bbox 566 2353 598 2408; x_wconf 87' lang='lat' dir='ltr'><strong>et</strong></span> <span class='ocrx_word' id='word_1_138' title='bbox 612 2345 698 2425; x_wconf 83' lang='lat' dir='ltr'><strong>clivi,</strong></span> 
     </span>
     <span class='ocr_line' id='line_1_25' title="bbox 62 2429 639 2509; baseline -0.002 -20"><span class='ocrx_word' id='word_1_139' title='bbox 62 2430 208 2509; x_wconf 86' lang='lat' dir='ltr'><strong>interque</strong></span> <span class='ocrx_word' id='word_1_140' title='bbox 222 2449 329 2490; x_wconf 86' lang='lat' dir='ltr'><strong>raucos</strong></span> <span class='ocrx_word' id='word_1_141' title='bbox 344 2429 467 2489; x_wconf 85' lang='lat' dir='ltr'><strong>ultimus</strong></span> <span class='ocrx_word' id='word_1_142' title='bbox 481 2437 639 2508; x_wconf 83' lang='lat' dir='ltr'><strong>rogatores</strong></span> 
     </span>
     <span class='ocr_line' id='line_1_26' title="bbox 41 2514 659 2593; baseline -0.005 -20"><span class='ocrx_word' id='word_1_143' title='bbox 41 2514 145 2573; x_wconf 85' lang='lat' dir='ltr'><strong>50ret</strong></span> <span class='ocrx_word' id='word_1_144' title='bbox 159 2515 280 2573; x_wconf 88' lang='lat' dir='ltr'><strong>caninas</strong></span> <span class='ocrx_word' id='word_1_145' title='bbox 295 2514 381 2593; x_wconf 82' lang='lat' dir='ltr'><strong>panis</strong></span> <span class='ocrx_word' id='word_1_146' title='bbox 396 2515 528 2593; x_wconf 90' lang='lat' dir='ltr'><strong>improbi</strong></span> <span class='ocrx_word' id='word_1_147' title='bbox 541 2515 659 2572; x_wconf 81' lang='lat' dir='ltr'><strong>buccas.</strong></span> 
     </span>
     <span class='ocr_line' id='line_1_27' title="bbox 61 2593 724 2674; baseline -0.003 -19"><span class='ocrx_word' id='word_1_148' title='bbox 61 2593 113 2655; x_wconf 93' lang='lat' dir='ltr'><strong>llli</strong></span> <span class='ocrx_word' id='word_1_149' title='bbox 127 2596 296 2656; x_wconf 86' lang='lat' dir='ltr'><strong>December</strong></span> <span class='ocrx_word' id='word_1_150' title='bbox 308 2594 418 2674; x_wconf 79' lang='lat' dir='ltr'><strong>longus</strong></span> <span class='ocrx_word' id='word_1_151' title='bbox 433 2603 465 2656; x_wconf 94' lang='lat' dir='ltr'><strong>et</strong></span> <span class='ocrx_word' id='word_1_152' title='bbox 479 2593 604 2654; x_wconf 88' lang='lat' dir='ltr'><strong>madens</strong></span> <span class='ocrx_word' id='word_1_153' title='bbox 618 2595 724 2653; x_wconf 90' lang='lat' dir='ltr'><strong>bruma</strong></span> 
     </span>
     <span class='ocr_line' id='line_1_28' title="bbox 63 2677 734 2760; baseline -0.007 -17"><span class='ocrx_word' id='word_1_154' title='bbox 63 2678 234 2760; x_wconf 82' lang='lat' dir='ltr'><strong>Clususque</strong></span> <span class='ocrx_word' id='word_1_155' title='bbox 247 2681 349 2740; x_wconf 85' lang='lat' dir='ltr'><strong>fornix</strong></span> <span class='ocrx_word' id='word_1_156' title='bbox 364 2681 456 2740; x_wconf 86' lang='lat' dir='ltr'><strong>triste</strong></span> <span class='ocrx_word' id='word_1_157' title='bbox 468 2678 566 2756; x_wconf 83' lang='lat' dir='ltr'><strong>frigus</strong></span> <span class='ocrx_word' id='word_1_158' title='bbox 581 2677 734 2738; x_wconf 86' lang='lat' dir='ltr'><strong>extendat.</strong></span> 
     </span>
     <span class='ocr_line' id='line_1_29' title="bbox 62 2760 633 2843; baseline -0.007 -18"><span class='ocrx_word' id='word_1_159' title='bbox 62 2765 164 2825; x_wconf 89' lang='lat' dir='ltr'><strong>Vocet</strong></span> <span class='ocrx_word' id='word_1_160' title='bbox 177 2766 284 2824; x_wconf 88' lang='lat' dir='ltr'><strong>beatos</strong></span> <span class='ocrx_word' id='word_1_161' title='bbox 299 2764 495 2843; x_wconf 88' lang='lat' dir='ltr'><strong>clamitetque</strong></span> <span class='ocrx_word' id='word_1_162' title='bbox 507 2760 633 2839; x_wconf 82' lang='lat' dir='ltr'><strong>felices,</strong></span> 
     </span>
     <span class='ocr_line' id='line_1_30' title="bbox 63 2844 640 2927; baseline 0.007 -22"><span class='ocrx_word' id='word_1_163' title='bbox 63 2849 228 2907; x_wconf 85' lang='lat' dir='ltr'><strong>Orciniana</strong></span> <span class='ocrx_word' id='word_1_164' title='bbox 243 2848 295 2927; x_wconf 87' lang='lat' dir='ltr'><strong>qul</strong></span> <span class='ocrx_word' id='word_1_165' title='bbox 307 2848 450 2908; x_wconf 85' lang='lat' dir='ltr'><strong>feruntur</strong></span> <span class='ocrx_word' id='word_1_166' title='bbox 463 2849 495 2906; x_wconf 93' lang='lat' dir='ltr'><strong>in</strong></span> <span class='ocrx_word' id='word_1_167' title='bbox 508 2844 640 2926; x_wconf 82' lang='lat' dir='ltr'><strong>sponda.</strong></span> 
     </span>
     <span class='ocr_line' id='line_1_31' title="bbox 18 2931 749 3012; baseline -0.004 -20"><span class='ocrx_word' id='word_1_168' title='bbox 18 2933 103 2992; x_wconf 74' lang='lat' dir='ltr'><strong>rost</strong></span> <span class='ocrx_word' id='word_1_169' title='bbox 116 2950 184 2991; x_wconf 88' lang='lat' dir='ltr'><strong>cum</strong></span> <span class='ocrx_word' id='word_1_170' title='bbox 198 2949 358 3012; x_wconf 89' lang='lat' dir='ltr'><strong>supremae</strong></span> <span class='ocrx_word' id='word_1_171' title='bbox 371 2931 422 2991; x_wconf 84' lang='lat' dir='ltr'><strong>iila</strong></span> <span class='ocrx_word' id='word_1_172' title='bbox 435 2932 578 2992; x_wconf 83' lang='lat' dir='ltr'><strong>venerint</strong></span> <span class='ocrx_word' id='word_1_173' title='bbox 591 2931 687 2990; x_wconf 88' lang='lat' dir='ltr'><strong>horse</strong></span> <span class='ocrx_word' id='word_1_174' title='bbox 747 2984 749 2989; x_wconf 81' lang='grc'>,</span> 
     </span>
     <span class='ocr_line' id='line_1_32' title="bbox 59 3010 689 3094; baseline -0.002 -20"><span class='ocrx_word' id='word_1_175' title='bbox 59 3014 196 3094; x_wconf 87' lang='lat' dir='ltr'><strong>Diesque</strong></span> <span class='ocrx_word' id='word_1_176' title='bbox 211 3013 333 3093; x_wconf 89' lang='lat' dir='ltr'><strong>tardus,</strong></span> <span class='ocrx_word' id='word_1_177' title='bbox 354 3017 467 3075; x_wconf 87' lang='lat' dir='ltr'><strong>sentiat</strong></span> <span class='ocrx_word' id='word_1_178' title='bbox 481 3033 588 3074; x_wconf 90' lang='lat' dir='ltr'><strong>canum</strong></span> <span class='ocrx_word' id='word_1_179' title='bbox 600 3010 689 3074; x_wconf 86' lang='lat' dir='ltr'><strong>litem</strong></span> 
     </span>
     <span class='ocr_line' id='line_1_33' title="bbox 58 3098 669 3178; baseline -0.002 -22"><span class='ocrx_word' id='word_1_180' title='bbox 58 3098 233 3178; x_wconf 79' lang='lat' dir='ltr'><strong>Abigatque</strong></span> <span class='ocrx_word' id='word_1_181' title='bbox 250 3105 332 3158; x_wconf 91' lang='lat' dir='ltr'><strong>moto</strong></span> <span class='ocrx_word' id='word_1_182' title='bbox 349 3100 453 3159; x_wconf 84' lang='lat' dir='ltr'><strong>noxias</strong></span> <span class='ocrx_word' id='word_1_183' title='bbox 469 3117 538 3158; x_wconf 80' lang='lat' dir='ltr'><strong>aves</strong></span> <span class='ocrx_word' id='word_1_184' title='bbox 552 3116 669 3177; x_wconf 83' lang='lat' dir='ltr'><strong>panno;</strong></span> 
     </span>
    </p>

    <p class='ocr_par' dir='ltr' id='par_1_7' title="bbox 16 3180 714 3515">
     <span class='ocr_line' id='line_1_34' title="bbox 57 3180 706 3262; baseline -0.005 -22"><span class='ocrx_word' id='word_1_185' title='bbox 57 3180 124 3241; x_wconf 90' lang='lat' dir='ltr'><strong>Nec</strong></span> <span class='ocrx_word' id='word_1_186' title='bbox 138 3183 283 3243; x_wconf 85' lang='lat' dir='ltr'><strong>liniantur</strong></span> <span class='ocrx_word' id='word_1_187' title='bbox 297 3189 395 3240; x_wconf 90' lang='lat' dir='ltr'><strong>morte</strong></span> <span class='ocrx_word' id='word_1_188' title='bbox 412 3180 558 3262; x_wconf 88' lang='lat' dir='ltr'><strong>supplicis</strong></span> <span class='ocrx_word' id='word_1_189' title='bbox 594 3197 706 3255; x_wconf 81' lang='lat' dir='ltr'><strong>oenoe,</strong></span> 
     </span>
     <span class='ocr_line' id='line_1_35' title="bbox 59 3201 672 3337; baseline -0.007 -13"><span class='ocrx_word' id='word_1_190' title='bbox 59 3264 123 3324; x_wconf 90' lang='lat' dir='ltr'><strong>Sed</strong></span> <span class='ocrx_word' id='word_1_191' title='bbox 137 3265 227 3325; x_wconf 91' lang='lat' dir='ltr'><strong>modo</strong></span> <span class='ocrx_word' id='word_1_192' title='bbox 242 3266 342 3325; x_wconf 88' lang='lat' dir='ltr'><strong>severi</strong></span> <span class='ocrx_word' id='word_1_193' title='bbox 357 3270 458 3324; x_wconf 84' lang='lat' dir='ltr'><strong>sectus</strong></span> <span class='ocrx_word' id='word_1_194' title='bbox 471 3201 672 3337; x_wconf 75' lang='lat' dir='ltr'><strong>derciloris,</strong></span> 
     </span>
     <span class='ocr_line' id='line_1_36' title="bbox 16 3348 708 3432; baseline -0.009 -22"><span class='ocrx_word' id='word_1_195' title='bbox 16 3349 145 3410; x_wconf 84' lang='lat' dir='ltr'><strong>15Nunc</strong></span> <span class='ocrx_word' id='word_1_196' title='bbox 158 3349 288 3428; x_wconf 86' lang='lat' dir='ltr'><strong>inquieti</strong></span> <span class='ocrx_word' id='word_1_197' title='bbox 302 3353 407 3409; x_wconf 90' lang='lat' dir='ltr'><strong>monte</strong></span> <span class='ocrx_word' id='word_1_198' title='bbox 416 3348 547 3432; x_wconf 34' lang='lat' dir='ltr'><strong>,Sisyphi</strong></span> <span class='ocrx_word' id='word_1_199' title='bbox 559 3364 708 3431; x_wconf 82' lang='lat' dir='ltr'><strong>pressus,</strong></span> 
     </span>
     <span class='ocr_line' id='line_1_37' title="bbox 48 3431 714 3515; baseline 0.009 -29"><span class='ocrx_word' id='word_1_200' title='bbox 48 3432 139 3488; x_wconf 80' lang='lat' dir='ltr'><strong>Nunc</strong></span> <span class='ocrx_word' id='word_1_201' title='bbox 149 3433 236 3492; x_wconf 85' lang='lat' dir='ltr'><strong>inter</strong></span> <span class='ocrx_word' id='word_1_202' title='bbox 249 3431 347 3494; x_wconf 88' lang='lat' dir='ltr'><strong>undas</strong></span> <span class='ocrx_word' id='word_1_203' title='bbox 364 3433 487 3515; x_wconf 81' lang='lat' dir='ltr'><strong>garruli</strong></span> <span class='ocrx_word' id='word_1_204' title='bbox 502 3436 592 3499; x_wconf 86' lang='lat' dir='ltr'><strong>aenis</strong></span> <span class='ocrx_word' id='word_1_205' title='bbox 607 3432 714 3496; x_wconf 81' lang='lat' dir='ltr'><strong>siccus</strong></span> 
     </span>
    </p>
   </div>
   <div class='ocr_carea' id='block_1_7' title="bbox 772 3504 846 3571">
    <p class='ocr_par' dir='ltr' id='par_1_8' title="bbox 772 3504 846 3571">
     <span class='ocr_line' id='line_1_38' title="bbox 772 3504 846 3571; baseline -0.014 0"><span class='ocrx_word' id='word_1_206' title='bbox 772 3504 846 3571; x_wconf 65' lang='lat' dir='ltr'><strong>ib*</strong></span> 
     </span>
    </p>
   </div>
   <div class='ocr_carea' id='block_1_8' title="bbox 0 0 1136 3786">
    <p class='ocr_par' dir='ltr' id='par_1_9' title="bbox 0 0 1136 3786">
     <span class='ocr_line' id='line_1_39' title="bbox 0 0 1136 3786; baseline 0 0"><span class='ocrx_word' id='word_1_207' title='bbox 0 0 1136 3786; x_wconf 95' lang='lat' dir='ltr'><strong> </strong></span> 
     </span>
    </p>
   </div>
  </div>
 </body>
</html>
