2264 3786
90 205 153 268 286
412 201 457 264 Μ.
470 199 562 266 VAL.
578 198 803 261 MARTIALIS

176 355 209 417 Si
222 361 255 416 te
270 351 428 415 delectant
441 355 574 414 animosa
586 348 741 433 pericula,
763 350 875 411 Tuscis

134 449 257 503 10-
274 427 385 498 Tutior
400 443 448 499 est
460 439 557 498 virtus
569 470 613 481 -
628 435 809 495 insidiemur
825 435 920 514 apris.

175 521 256 600 Quid
272 529 305 582 te
319 522 407 582 frena
419 523 523 581 iuvant
537 519 723 586 temeraria‘.²
744 518 866 599 saepius
880 515 970 596 illie,

215 605 340 684 Prisce,
361 603 465 665 datum
479 609 528 664 est
542 604 678 684 equitem
690 619 851 681 rumpere,
871 603 965 680 quem
979 599 1118 682 leporem.

571 735 638 799 XV

173 845 328 929 Quidquid
341 848 503 908 Parrhasia
516 821 636 906 nitebat
649 845 733 925 aula,

173 934 322 993 Donatum
337 937 385 992 est
399 929 497 990 oculta
510 928 639 1008 deisque
651 930 774 992 nostris.

173 1017 306 1076 Miratur
322 1014 480 1092 Scythicas
494 1014 623 1072 virentis
638 1015 718 1072 auri
892 1070 895 1075 .

172 1098 323 1159 Flammas
337 1096 489 1177 Iuppiter,
512 1102 544 1156 et
559 1101 663 1175 stupet
675 1074 810 1178 superbi
952 1114 959 1122 ·

149 1183 264 1259 5Regis
280 1179 407 1240 delicias
422 1197 589 1258 gravemue
602 1177 701 1240 luxus

172 1266 258 1325 Haeo
272 1270 343 1324 sunt
355 1261 483 1344 poculs,
501 1282 578 1343 quae
595 1262 708 1324 decent
723 1262 916 1339 Tonantem

172 1350 259 1409 Haec
272 1354 367 1426 runt,
379 1365 456 1426 qnae
472 1347 640 1428 Phrygium
654 1345 768 1408 decent
781 1347 967 1413 ministrnm.

173 1432 286 1493 Omnes
301 1451 369 1492 cum
380 1431 451 1492 love
466 1450 546 1492 nunc
559 1431 660 1492 rimus
674 1431 765 1492 beati.
828 1458 830 1462 ⁴

173 1517 216 1578 At
229 1534 328 1596 nuper
341 1550 385 1562 -
401 1513 514 1595 pudet,
536 1517 574 1575 ah
587 1503 684 1596 pudet
697 1514 790 1575 fateri
803 1548 847 1560 -
873 1570 879 1583 ,
905 1540 907 1546 ·

131 1611 166 1686 lb
174 1601 288 1660 Omnes
302 1619 369 1663 cnm
380 1599 452 1660 Iove
466 1617 620 1679 pauperes
634 1615 763 1660 eramus.

566 1731 645 1796 xvi.

172 1844 313 1925 Addixti,
332 1834 485 1925 Labiene,
506 1851 571 1905 tres
586 1840 717 1923 agellos3

82 1922 85 1928 ’
171 1930 298 2008 Emisti,
319 1929 470 2005 Labiene,
491 1936 557 1988 tres
572 1926 733 1988 cinaedos·

171 2011 335 2090 Paedicas,
356 2011 508 2090 Labiene,
529 2018 595 2072 tres
609 2007 736 2090 agellos.

557 2143 651 2208 XVII.

172 2258 273 2334 Quare
287 2261 348 2316 tam
362 2237 466 2317 multis
481 2277 498 2316 a
511 2263 561 2335 te,
581 2256 749 2346 Laetine‚
751 2253 862 2316 diebus

212 2341 282 2401 Non
295 2328 384 2402 obeat
398 2341 510 2420 febris,
533 2341 654 2420 quaeris
670 2348 813 2418 eiusque
828 2340 935 2418 gemis

171 2425 318 2486 Gestatur
330 2427 432 2485 tecum
444 2426 562 2506 pariter
575 2425 753 2505 pariterque
767 2423 909 2507 lavatur,

213 2510 311 2569 Cenat
324 2507 463 2588 boletos,
484 2517 605 2590 ostrea,
626 2527 748 2586 sumen,
768 2527 884 2588 aprum.

149 2592 266 2652 olibrio
279 2592 386 2652 Setino
400 2592 436 2653 fit
450 2612 542 2674 saepe
557 2600 591 2653 et
603 2611 695 2674 saepe
708 2589 861 2669 Falerno,

212 2675 277 2734 Neo
290 2677 350 2735 nisi
364 2695 421 2756 per
436 2679 554 2737 niveam
568 2678 708 2738 Caecuba
720 2681 808 2754 potat
822 2694 941 2754 aquam.

172 2758 363 2818 Circumfusa
375 2762 454 2820 rosis
469 2767 502 2820 et
515 2763 603 2840 nigra
616 2760 767 2821 recumbit
781 2778 916 2836 amomo,

210 2835 332 2902 Dormit
345 2844 400 2901 et
390 2859 423 2902 ιιι
436 2842 538 2923 pluma
551 2860 767 2924 purpureoque
781 2848 862 2903 toro.

171 2925 248 2986 Cum
261 2926 391 2986 recubet
404 2927 550 3007 pulchre,
569 2946 637 2987 cum
651 2934 713 2988 tam
726 2928 807 2987 bene
821 2928 903 2986 vivat
918 2926 1003 3006 apud
1018 2935 1072 3006 te,

128 3021 163 3073 10
209 3008 259 3070 Ad
273 3011 396 3071 Damam
409 3011 511 3092 potius
524 3011 569 3070 vis
584 3017 637 3070 tna
649 3012 747 3071 febris
762 3009 834 3069 eati

544 3142 651 3210 XVIII.

169 3262 247 3322 Dum
262 3268 297 3323 tu
305 3265 441 3325 forsitan
454 3265 610 3344 inquietus
624 3281 712 3323 erras
927 3328 929 3333 ,

164 3346 321 3428 Ciamosa,
343 3346 544 3431 Iuvenalis,
535 3358 571 3408 an
582 3348 722 3423 Subura,
796 3401 797 3404 ,
920 3390 922 3395 -

148 3431 219 3494 Ant
231 3433 349 3502 collem
366 3434 521 3500 dominae
528 3434 611 3496 teris
621 3431 763 3502 nisam
