2264 3786
14 252 16 257 ·
90 231 151 297 150
268 218 271 223 ’
406 226 451 289 Μ.
464 225 555 290 VAL.
570 223 794 287 MARTIAHS

171 384 265 459 Quam
279 377 330 440 vel
345 378 383 438 ad
396 377 528 439 Aetolae·
540 397 675 439 securam
690 375 824 457 cuspidis
838 377 918 438 ictus

214 465 326 524 Texuit
338 464 491 523 innumeri
504 460 639 537 lubricus
654 463 762 539 unguis
777 462 859 540 apri:
920 508 922 515 .

150 547 261 612 5Feliu
275 553 358 607 rorte
373 551 442 622 tua,
463 566 582 605 sacrum
597 546 645 605 cui
659 551 786 622 tangere
800 551 910 624 pectus
943 588 945 593 «

212 633 271 690 Fas
287 630 348 690 erit
361 637 394 689 et
407 630 505 689 nostri
519 638 622 688 mente
636 627 739 688 calere
753 626 813 687 dei.
889 668 892 675 ι

170 718 184 776 Ι
199 733 299 787 comes
314 720 347 772 et
359 731 483 790 magnos
495 711 603 772 illaesa
615 729 737 773 merere
751 711 925 790 triumphos
963 738 970 744 ·

212 797 426 875 Palmataeque
441 796 565 874 ducem,
586 794 642 855 sed
656 796 734 872 cite,
755 793 853 855 redde
868 799 972 873 togae.
1012 855 1016 864 ,

576 928 625 991 ΙΠ.

174 1048 236 1106 Cur
250 1062 312 1104 non
326 1044 413 1102 mitto
431 1016 515 1103 ruens
532 1043 604 1119 tibi,
626 1039 817 1119 Pontidiane,
838 1004 991 1104 libellos?
1074 1103 1078 1107 ,

213 1129 260 1188 Ne
274 1126 348 1186 milri
362 1131 395 1185 tu
413 1128 531 1204 mittas,
552 1124 743 1203 Pantiliane,
763 1131 842 1187 tuos.

575 1258 626 1321 IV.

173 1372 279 1447 Esset,
302 1338 455 1447 castrice,
476 1389 544 1428 cum
562 1367 634 1429 mali
649 1367 777 1446 coloris,

173 1455 290 1516 Versus
305 1455 442 1514 scribere
454 1455 557 1533 coepit
571 1452 735 1533 Oppianus.

588 1583 626 1648 V.

176 1699 210 1760 Si
224 1698 427 1775 desiderium,
449 1699 577 1775 Caesar,
597 1662 765 1777 populique
780 1701 962 1776 patrumque

216 1783 356 1864 Respicis
370 1789 404 1842 et
417 1783 522 1842 Latiae
539 1781 647 1860 gaudia
661 1799 735 1840 uera
747 1787 854 1858 togae,

127 1860 131 1872 '
174 1866 282 1927 Redde
299 1857 388 1925 deum
401 1867 480 1925 votis
497 1866 709 1945 poscentibus:
730 1862 943 1925 invidethosti

215 1950 310 2009 Roma
324 1968 393 2024 suo,
411 1949 513 2006 veniat
530 1946 636 2006 laurea
652 1946 745 2007 multa
756 1946 843 2012 licet.
891 1942 897 1957 “

155 2033 346 2094 5Terrarum
361 2030 514 2089 dominum
527 2032 653 2109 propius
666 2030 751 2091 videt
764 2030 835 2110 ille,
854 2037 968 2108 tuoque

217 2115 369 2174 'ferretur
383 2111 467 2173 voltu
481 2115 626 2174 barbarus
640 2117 673 2174 et
686 2115 806 2176 fruitur.
819 2186 823 2200 Ι

580 2261 632 2324 VI.

175 2373 295 2453 Ecquid
307 2368 521 2454 Hyperbureis
535 2373 574 2433 ad
587 2393 643 2434 nos
658 2393 822 2435 conversus
837 2374 874 2434 ab
890 2374 952 2433 nris

215 2459 363 2518 Ausonias
378 2458 563 2517 caesariam
577 2463 664 2536 parat
677 2459 724 2517 ire
738 2457 822 2516 vias?
905 2496 907 2500 »

176 2542 287 2602 Certus
302 2545 389 2603 abest
402 2547 524 2618 auctor,
547 2539 603 2600 sed
618 2561 674 2601 vox
688 2542 746 2600 hoc
760 2540 886 2599 nunciat
899 2537 1012 2599 omnis:

190 2639 193 2643 ’
218 2624 321 2685 Crede
335 2626 409 2684 tibi:
430 2643 535 2683 verum
550 2623 671 2701 dicere,
692 2625 801 2699 Fama,
820 2621 911 2683 soles.

156 2707 306 2768 5Publica
320 2708 464 2767 victrices
478 2713 631 2767 testantur
646 2707 753 2786 gandia
768 2707 909 2783 chartae,

216 2791 329 2850 Martia
341 2788 496 2867 laurigera
510 2789 634 2868 cuspide
647 2791 710 2870 pila
724 2793 832 2850 virent.

175 2875 305 2950 Rursus,
328 2874 374 2949 ic,
395 2891 519 2949 magnes
538 2872 717 2935 clamuttibi
729 2875 825 2933 Roma
838 2871 1009 2952 triumphos

217 2958 410 3035 Invictusque
425 2952 492 3034 tna'r,
515 2955 645 3032 Caesar,
668 2959 701 3016 in
715 2958 793 3017 urbe
807 2954 906 3018 sonas.

12 3098 15 3105 .
60 3063 66 3073 ’
176 3040 239 3101 Sed
252 3042 311 3101 iam
324 3038 462 3099 laetitiae
477 3059 536 3117 quo
552 3040 592 3098 sit
604 3037 715 3100 fiducia
730 3042 843 3118 maior,

135 3137 168 3187 10
216 3125 401 3185 Sarmaticae
414 3122 517 3183 laurus
528 3123 655 3182 nuncius
668 3124 735 3203 ipse
749 3125 829 3195 veni.

574 3256 638 3319 Vll.
725 3288 728 3295 ·

160 3370 307 3432 Hiberna
323 3371 463 3453 quamvis
478 3370 590 3431 Arctus
607 3373 641 3428 et
651 3365 740 3426 rudis
748 3367 856 3425 Peuce

147 3452 198 3513 Et
211 3456 405 3538 ungularum
421 3455 570 3541 pulsibus
585 3450 694 3516 cadens
703 3450 816 3508 unser
