2264 3786
304 611 349 682 M.
379 611 481 684 VAL.
505 610 759 686 MARTIALIS

220 746 843 876 ιιιιιιιιιιιιιί
925 718 932 733 ’

427 980 632 1041 LIBERI.

146 1093 172 1187 S
174 1149 249 1211 pero
264 1149 313 1190 me
329 1132 489 1193 secutum
480 1151 512 1190 ιιι
522 1129 639 1192 libellis
653 1133 729 1191 meis
743 1130 806 1192 tale
820 1139 1044 1213 temperamen-

59 1221 140 1291 tum,
168 1221 203 1274 ut
227 1213 265 1274 de
293 1212 356 1274 illis
384 1216 472 1292 queri
494 1233 556 1273 non
572 1216 670 1294 possit
690 1216 826 1293 quisquis
847 1215 886 1276 dc
907 1236 940 1277 se
963 1220 1043 1278 bone

59 1299 209 1375 senserit,
236 1318 303 1357 cum
324 1297 405 1357 salva
423 1299 592 1357 intimarum
610 1312 731 1376 quoque
743 1317 942 1378 personarum
956 1320 1044 1362 reve-

58 1383 161 1442 rentia
180 1380 303 1456 ludant3
330 1399 407 1460 quae
429 1381 504 1440 adeo
526 1383 657 1461 antiquis
678 1384 850 1442 auctoribus
872 1383 986 1462 defuit,
1011 1391 1044 1444 ut

38 1466 232 1528 onominibus
251 1484 313 1524 non
330 1471 447 1524 tantum
466 1466 547 1524 veris
568 1467 652 1525 abusi
673 1467 750 1542 sint,
783 1464 838 1525 sed
863 1472 896 1526 et
917 1470 1040 1546 magnis.
1096 1484 1099 1493 ·

59 1549 140 1608 Mihi
161 1549 239 1608 fama
255 1547 344 1608 vilius
367 1555 488 1608 constet
509 1554 542 1607 et
562 1550 740 1627 probetur
731 1567 763 1607 ιιι
781 1568 830 1609 me
850 1551 1044 1610 novissimum

58 1634 224 1711 ingenium.
264 1632 355 1692 Absit
381 1634 553 1692 aiocorum
572 1637 746 1692 nostrorum
766 1631 961 1712 simplicitate
982 1654 1044 1693 ma-

58 1715 161 1794 lignus
178 1717 261 1776 inter
283 1706 334 1776 r'es
353 1733 411 1775 nec
433 1717 648 1794 epigrammata
664 1733 731 1774 mea
744 1717 868 1779 scribat.
903 1716 1044 1796 Improbe

58 1799 135 1859 facit
147 1801 269 1877 quia
210 1800 241 1858 in
253 1735 384 1859 alieno'
362 1797 442 1859 libro
453 1798 629 1877 ingeniosus
640 1804 697 1860 est.
717 1798 871 1858 Lascivam
882 1801 1043 1859 verborum

20 1884 238 1962 loveritatem,
257 1882 290 1942 id
312 1888 360 1943 est
378 1883 617 1962 epigrammaton
635 1880 782 1959 linguam,
805 1900 996 1961 excusarem,
1018 1886 1044 1943 si

58 1985 160 2026 meum
173 1972 257 2026 esset
276 1962 464 2045 exemplum:
492 1967 536 2026 sic
551 1966 659 2026 scribit
673 1965 826 2043 Catullus,
854 1967 898 2025 sic
912 1966 1044 2042 Marsus,

60 2051 106 2109 sic
122 2050 226 2127 Pedo,
251 2051 295 2110 sic
315 2048 507 2132 Gaetulicus,
541 2051 585 2109 sic
605 2050 776 2127 quicunqne
795 2048 976 2130 perlegitur.
1012 2051 1044 2109 Si

62 2134 130 2209 quis
148 2142 250 2192 tamen
270 2140 332 2193 tam
352 2126 510 2193 ambitiose
530 2133 630 2193 tristis
648 2140 712 2211 est,
746 2139 781 2193 ut
807 2133 885 2212 apud
905 2131 992 2192 illum
1012 2134 1045 2192 in

60 2216 145 2277 nulla
156 2217 265 2297 pagina
276 2215 373 2277 latine
382 2214 473 2299 loqui
485 2217 531 2277 fas
545 2217 602 2293 sit,
622 2223 726 2296 potest
741 2215 872 2297 epistola
885 2215 934 2275 ael
943 2218 1045 2296 potius

16 2299 151 2362 latitulo
166 2306 327 2360 contentus
347 2318 426 2359 esse.
461 2300 687 2380 Epigrammata
699 2299 762 2359 illis
775 2301 965 2375 scribuntur,
993 2301 1045 2376 qui

63 2382 166 2443 solent
196 2376 336 2464 spectare
365 2380 518 2445 Florales.
563 2383 632 2442 Nou
663 2383 761 2441 intret
786 2382 861 2440 Cato
891 2380 1044 2439 theatrum

62 2485 177 2543 manin,
205 2471 257 2525 aut
273 2486 299 2525 ιι
290 2467 488 2543 intraverit,
510 2471 638 2544 spectet.
671 2463 788 2525 Videor
809 2463 883 2522 mibi
896 2481 963 2522 meo
978 2464 1045 2522 iure

63 2550 215 2627 facturus,
238 2569 264 2609 sl
255 2548 439 2631 'epistolam
456 2550 594 2608 versibus
609 2546 745 2607 clusero.

102 2666 216 2759 Nosses
229 2700 350 2760 iocosae
366 2697 456 2758 ‹lnlce
472 2718 539 2757 cum
553 2718 671 2758 sacrum
684 2697 796 2758 Florae

102 2784 276 2860 Festosque
288 2779 374 2843 lusus
387 2789 420 2842 et
431 2780 588 2841 licentiam
603 2781 702 2860 volgi,

105 2867 168 2926 Gur
180 2868 213 2925 ln
226 2868 398 2943 theatrum,
420 2866 496 2926 Cato
511 2883 635 2942 revere,
655 2865 788 2925 venisti?

104 2950 152 3008 An
162 2948 234 3010 ideo
246 2954 364 3010 tantum
375 2967 519 3026 veneras,
539 2956 574 3007 ut
587 2949 711 3008 exires?

520 3082 543 3144 l.

188 3195 248 3254 Hic
263 3201 311 3255 est
325 3213 415 3275 quem
427 3193 507 3272 legis
519 3191 593 3270 ille,
615 3211 705 3270 quem
716 3192 864 3269 requiris,

190 3277 271 3337 Toto
284 3284 375 3337 notus
387 3280 420 3338 in
433 3279 509 3337 orbe
522 3275 675 3337 Martialis

189 3361 313 3439 Argutis
328 3363 566 3441 epigrammaton
579 3357 708 3418 libellis:
