2264 3786
298 196 721 264 neronmmmosam
737 200 775 264 x.
975 202 1052 297 *aar

108 352 341 433 Sollemnesque
355 355 439 414 iosos
453 371 512 414 nee
521 354 628 414 tristia
641 355 775 420 earmina
788 356 889 435 possit

148 440 191 498 nt-
204 439 343 518 qneritur
356 454 450 514 nugas
464 438 629 510 obticuisse
641 455 732 496 meas.

86 523 288 584 5Mensorum
302 519 403 599 longis
418 519 474 581 sed
487 539 568 583 nuno
581 526 667 579 uasat
681 518 738 578 ille
753 516 880 585 libeliis.
926 536 928 543 ’

148 605 265 685 Appia,
287 602 361 683 quid
373 602 484 681 facies,
505 604 532 663 si
548 600 628 681 legit
639 603 700 663 ista
712 603 842 664 Meceni

484 734 589 798 XVIII.

107 852 173 910 Nec
186 855 274 910 voest
288 847 326 908 ad
341 867 446 910 cenam
460 849 594 926 Marius,
615 868 674 910 neo
686 868 813 911 munera
827 851 939 928 mittit,

149 934 215 993 Neo
228 931 373 1012 spondet,
395 951 453 992 nee
467 931 531 992 volt
546 931 693 1011 credere,
714 933 770 995 sed
784 953 842 994 nee
855 935 957 995 habet.

109 1017 215 1078 'Iarba
230 1022 332 1075 tamen
345 1035 407 1075 non
422 1015 526 1094 deest,
546 1012 686 1075 'sterilem
700 1036 778 1097 quae
793 1024 882 1078 caret
895 1019 1030 1080 amioum.

149 1099 252 1162 Eheu!
274 1118 362 1177 quam
375 1099 477 1160 istaae
492 1105 563 1159 sant
577 1099 652 1176 tibi,
671 1099 783 1180 Itoma,
804 1102 912 1182 togae!

500 1232 578 1293 XIX.

107 1348 136 1407 N
137 1365 173 1407 eo
187 1346 310 1408 doctum
323 1349 396 1409 setis
410 1355 446 1408 et
456 1367 564 1427 perum
577 1365 733 1428 severum,

109 1429 173 1490 Sed
186 1450 247 1492 non
261 1431 439 1492 rusticulum
453 1432 543 1492 nimis
555 1430 697 1492 libellum

107 1513 251 1575 Facundo
266 1533 334 1575 mea
348 1514 465 1591 PIInio,
482 1515 611 1594 ¹Thalia,

109 1599 122 1655 l
137 1598 258 1676 perfer:
281 1599 383 1659 brevis
397 1604 445 1658 est
458 1596 547 1658 labor
560 1590 705 1697 peroptae

84 1678 216 1744 silitum
229 1683 353 1741 viscere
368 1682 521 1741 tramitem
535 1680 681 1743 Suburae.

108 1762 178 1824 Illic
193 1764 317 1844 Orphea
331 1765 470 1846 protinus
487 1763 607 1847 videbis

107 1846 171 1907 Udi
182 1849 299 1908 vertice
313 1847 463 1909 lubricum
477 1848 608 1926 theatrI,

84 1998 86 2005 ¹
108 1931 321 2010 Mirantesque
334 1931 418 1992 ferse
433 1948 578 2010 avemque
591 1932 692 2011 regis,

107 2015 239 2093 Raptum
254 2033 331 2094 quae
346 2013 467 2093 Phryga
481 2013 612 2095 pertulit
625 2014 768 2078 Tonanti.
836 2050 842 2063 ,

64 2107 101 2158 10
107 2095 176 2156 Illis
189 2118 281 2178 parva
295 2099 341 2157 tui
354 2096 608 2159 dumusl'edonls

109 2181 233 2242 Caelata
247 2186 296 2241 est
310 2179 430 2260 aquilae
444 2183 563 2242 minore
577 2184 679 2263 pinna.

107 2262 172 2324 Sed
184 2283 224 2324 ne
239 2273 378 2344 tempore
391 2284 453 2325 non
466 2272 519 2327 tuo
534 2264 681 2326 disertam

106 2346 216 2408 Pulses
233 2350 319 2408 ebria
333 2349 468 2425 ianuam,
488 2346 602 2410 videto.
617 2381 619 2385 ¹
794 2394 797 2400 .

110 2424 208 2491 'Iotos
223 2431 275 2490 dat
288 2432 418 2492 tetricae
432 2431 500 2491 dies
514 2431 692 2508 Minervae,

63 2514 185 2575 15Dum
199 2520 321 2575 centum
334 2513 439 2575 studet
452 2515 575 2574 auribus
591 2515 726 2573 virorum

106 2597 176 2657 Hoc
191 2597 274 2676 quod
286 2595 408 2658 saecula
422 2597 600 2677 posterique
615 2598 735 2676 possint

107 2681 234 2760 Arpinis
249 2699 371 2760 quoque
386 2697 562 2759 comparare
577 2680 701 2741 chartis.

107 2763 200 2825 Seras
213 2766 310 2824 tutior
323 2765 382 2825 ibis
397 2762 436 2824 ad
448 2762 601 2824 lucernas.

108 2847 193 2906 Haeo
206 2849 283 2907 hors
296 2855 345 2909 est
358 2853 425 2927 tua,
447 2867 513 2907 cnm
527 2847 603 2912 furit
616 2845 752 2925 Lyaeus,

63 2931 183 2992 iocum
196 2938 306 3009 regnat
319 2951 404 3008 rosa,
426 2950 494 2991 cum
507 2930 631 3001 madent
645 2928 764 3010 capssli:

108 3012 197 3074 'Iunc
210 3032 259 3074 me
272 3013 323 3075 rel
335 3013 428 3093 rigidi
440 3013 546 3092 legant
557 3015 699 3083 Catones.

506 3147 572 3212 XX

107 3261 200 3320 Ducit
216 3259 256 3322 ad
273 3259 422 3320 auriferas
440 3256 523 3338 quod
539 3276 588 3318 me
608 3254 680 3316 Salo
698 3252 841 3315 Celtiber
860 3273 945 3332 oras,

150 3342 291 3404 Pendula
306 3342 387 3421 quod
400 3343 519 3422 patriae
533 3335 850 3414 visereteststtnes„

106 3425 152 3483 Tu
168 3427 247 3487 milri
260 3424 470 3507 simplicibus,
494 3426 602 3521 Mani,
626 3423 767 3488 dilectus
780 3422 823 3483 als
840 3418 940 3479 annis
