2264 3786
300 210 634 274 EPiGRAMMATON
650 212 722 274 Lm.
741 211 789 274 111.
821 220 825 231 ’
1012 208 1051 271 61

520 413 568 474 111.

101 528 290 605 [Formosam
303 526 414 586 faciem
426 527 515 604 nigro
530 518 729 586 medicamine
744 525 840 605 celas,

153 611 217 671 Sed
229 629 291 670 non
303 610 437 682 formoso
454 628 583 689 corpore
597 609 695 671 laedis
710 629 810 686 aquas.

112 696 210 776 Ipsam
225 692 319 755 erede
334 692 422 752 deam
435 694 538 753 verbis
551 695 608 754 tibi
624 694 728 753 dicere
742 693 872 753 nustria:

153 780 237 856 „Aut
253 778 338 859 aperi
352 776 478 854 faciem,
501 781 552 835 aut
564 779 698 837 tunicata
710 774 821 856 lara.“]

517 925 568 989 IV.

114 1043 239 1103 Romam
253 1041 346 1118 vade,
365 1040 466 1104 liber:
487 1045 530 1120 si,
551 1043 673 1104 veneris
687 1039 785 1119 unde,
805 1041 962 1118 requiret,

152 1122 304 1186 Aemiliae
320 1125 404 1188 dices
419 1125 458 1186 de
471 1127 599 1205 regione
614 1127 690 1186 viae.
758 1176 763 1189 f

113 1211 162 1289 Si,
185 1210 294 1288 quibus
309 1211 342 1269 in
358 1212 468 1288 terris,
489 1228 547 1288 quo
561 1210 653 1270 simus
667 1209 699 1268 in
714 1206 790 1267 urbe
809 1206 945 1285 rogabit,

154 1292 282 1354 Corneli
294 1293 413 1353 referas
427 1311 476 1354 me
490 1292 567 1353 licet
581 1310 649 1352 esse
662 1292 753 1351 Foro.

90 1377 179 1459 ocur
193 1378 304 1455 absim,
328 1383 472 1456 quaeret:
490 1377 627 1438 breviter
641 1382 675 1437 tu
688 1373 781 1434 multa
796 1375 910 1435 fatere:
975 1396 979 1403 ·

155 1459 243 1538 „Non
258 1467 487 1541 potentianae
501 1460 602 1521 taedia
618 1460 704 1521 ferre
718 1459 841 1539 togae.“

113 1543 263 1622 „Quando
280 1544 408 1605 νειιίῐὶῖις
423 1543 524 1605 dicet:
541 1551 575 1605 tu
589 1541 793 1622 respondeto:
814 1541 932 1617 „Poeta

154 1629 296 1690 Exierat:
317 1628 437 1706 veniet,
459 1647 527 1688 eum
541 1625 736 1688 citharoedus
752 1626 844 1687 erit.“

525 1760 564 1824 V.

113 1874 169 1937 Vis
186 1871 391 1940 commendari
405 1877 472 1936 aine
485 1893 534 1936 me
549 1894 691 1936 cursurus
705 1877 738 1935 in
751 1875 877 1951 urbem,

154 1958 252 2019 Parve
266 1957 362 2038 liber,
383 1957 503 2039 multis,
525 1979 563 2019 an
576 1960 650 2020 satis
663 1978 741 2019 unus
755 1958 836 2019 erit?

112 2043 199 2102 Unus
217 2043 293 2120 erit,
313 2043 515 2121 mihicrede,
536 2045 627 2122 satis,
650 2044 698 2109 cui
710 2063 773 2104 non
786 2042 848 2103 eris
862 2042 991 2120 hospes,

155 2125 265 2203 lulius,
288 2126 441 2187 assiduum
454 2146 567 2193 nomen
580 2129 612 2187 in
627 2146 683 2187 ore
699 2145 777 2188 meo.
1032 2198 1038 2209 Ι

93 2208 260 2270 :Protinus
271 2209 352 2269 hunc
365 2212 482 2290 primae
497 2230 626 2291 quaeres
641 2213 674 2271 in
688 2210 792 2272 limine
809 2210 940 2270 Tectae:
1056 2203 1060 2215 ’

157 2294 239 2369 Quos
254 2295 354 2353 tenuit
367 2294 518 2374 Daphnis,
538 2314 619 2355 nunc
632 2301 720 2354 tenet
733 2293 806 2370 ille,
824 2292 915 2353 lares.
941 2294 944 2300 “

113 2377 171 2436 Est
184 2375 231 2438 illi
247 2378 392 2456 coniunx,
415 2398 491 2456 qnae
504 2385 537 2438 te
552 2380 750 2456 manibusque
764 2378 893 2454 sinuque

154 2461 313 2540 Excipiet,
334 2467 368 2520 tu
380 2460 430 2521 rel
443 2461 674 2541 pulverulentus
689 2479 749 2522 eas.

115 2543 181 2603 Hos
195 2550 229 2603 tu
248 2562 303 2603 seu
317 2545 435 2623 pariter
448 2546 512 2604 sive
529 2545 607 2604 hanc
621 2543 745 2603 fflumre
757 2543 894 2622 priorem

73 2638 109 2689 10
154 2627 297 2703 Videris,
318 2628 380 2688 hoo
393 2627 478 2690 dices
492 2629 638 2705 „Marcus
652 2645 744 2686 avere
757 2625 875 2701 iubet,“

115 2711 156 2770 Et
167 2713 243 2771 satis
258 2716 324 2771 est:
346 2711 422 2773 alios
438 2710 631 2772 commendet
644 2709 790 2791 epistola:
809 2716 917 2790 peccat

156 2795 216 2870 Qui
229 2793 502 2856 commendandum
518 2814 552 2855 se
566 2801 654 2879 putat
671 2814 741 2896 esre
755 2796 827 2856 suis.

516 2930 568 2992 Vi.

117 3039 252 3106 Luraibi
266 3048 337 3120 post
349 3041 418 3102 Idus
433 3048 610 3103 numeratur
624 3043 717 3103 tertia
729 3042 844 3118 Maias,

49 3177 52 3181 .
158 3123 360 3203 Marcelline,
381 3128 443 3186 tuis
457 3128 504 3185 his
520 3124 704 3187 celebranda
717 3127 822 3186 sacris.

118 3205 248 3286 Imputat
262 3209 416 3269 aetherios
431 3216 516 3269 ortus
531 3210 608 3269 haee
622 3211 719 3288 prima
732 3206 869 3288 parenti,

159 3289 250 3352 Libat
263 3293 410 3352 florentes
421 3295 498 3353 haec
511 3294 569 3352 tibi
585 3295 683 3373 prima
697 3309 798 3368 genua.

98 3371 231 3453 :iiiiagna
244 3373 321 3436 licet
333 3375 456 3436 dederit
469 3374 618 3436 iucundae
632 3391 760 3434 munera
770 3372 864 3450 vitoe,

160 3456 234 3519 Plus
250 3478 402 3539 uunquam
418 3460 499 3538 patri
512 3458 668 3542 praestitit
680 3454 734 3518 ille
749 3454 827 3519 dies.
