2264 3786
297 183 788 250 urrunnnnsuonnntn.
848 217 857 229 ι
987 144 1062 255 ’917

155 339 314 402 Murmure
326 339 385 398 ism
400 356 489 399 saevo
502 340 744 418 verberibusque
758 345 856 405 tonas.

91 424 194 490 alem
210 440 301 502 grove
314 423 469 502 percussis
483 420 644 485 incudibus
659 441 729 482 aera
744 424 911 502 resultant,

156 505 318 569 causidico
332 504 465 566 medium
481 525 548 567 cum
562 507 651 567 faber
664 511 748 586 optat
761 524 888 586 equuma

112 592 221 655 Mitior
234 591 267 649 in
281 608 389 668 magno
404 588 519 650 clamor
532 591 609 651 iurit
622 590 864 670 amphitheatro,

154 675 301 740 Vincenti
315 691 439 753 parmae
454 693 520 734 cum
536 693 590 742 suu
603 673 801 736 turbulenti.

112 759 217 823 Vicini
229 776 366 818 somnum
380 776 443 817 non
456 764 522 819 tots
537 764 630 820 nocte
644 776 801 835 rogamuot
884 798 887 802 -

70 855 105 906 10
152 838 228 904 Num
240 841 367 920 vigilus
382 840 452 902 leue
465 848 530 922 est,
551 839 738 925 pervigilare
753 859 844 920 greve
857 848 915 907 est.

112 922 286 1005 Discipulos
300 923 421 986 dimitte
435 931 514 987 tuos.
542 926 614 1004 Vis,
637 922 777 1005 garrule,
798 931 941 1005 quantum

155 1009 279 1090 Accipis
294 1015 329 1071 ut
345 1006 476 1089 clames,
498 1011 640 1105 occipere
654 1016 688 1070 ut
703 1012 829 1072 taceas?

492 1175 599 1239 LXIX.

112 1280 189 1351 curn
205 1264 315 1368 lutuis‚
332 1284 554 1368 Polycharmo,
576 1285 657 1348 soles
670 1290 704 1349 in
715 1289 778 1349 iiue
793 1307 910 1352 cacare.

156 1372 232 1434 (lum
246 1371 435 1453 poedicaris,
457 1370 547 1470 quid,
566 1369 784 1453 Polycharmo,
804 1372 904 1435 iscis?

498 1531 590 1595 Lxx

112 1647 240 1708 Dixerat
255 1665 295 1727 „o
309 1645 426 1707 mores!
448 1664 465 1705 o
481 1645 657 1727 temporai“
686 1640 810 1707 Tullius
825 1642 916 1726 olim,

154 1728 343 1810 Sacrilegum
358 1736 496 1791 strueret
509 1749 576 1790 cum
592 1726 725 1790 catilius
738 1729 840 1810 neiuu,

111 1817 188 1879 cnn
202 1833 298 1893 gener
313 1821 405 1892 atque
421 1830 511 1874 socer
524 1812 600 1874 diris
616 1820 818 1875 concurreret
829 1813 921 1874 umis

152 1899 334 1981 Maestaque
348 1895 431 1958 ciuili
446 1896 540 1958 ccede
554 1895 695 1957 maderet
706 1896 824 1959 humus.
1020 1894 1023 1898 ’

87 1983 177 2044 bcur
189 2001 270 2043 nunc
284 2002 324 2060 „o
335 1980 475 2041 mores!“
496 2001 551 2041 cur
566 2000 647 2041 nunc
661 1998 701 2058 „o
716 1979 889 2061 temporu!“
903 1978 1003 2041 dicis?

153 2065 242 2142 Quod
256 2066 312 2125 tibi
327 2084 388 2125 non
401 2063 539 2146 placent,
564 2062 755 2143 Caeciliano,
775 2064 933 2145 quidest?

110 2148 199 2210 Nulla
214 2141 323 2209 ducum
337 2150 462 2228 feritas,
483 2148 567 2217 nulls
581 2155 630 2209 est
642 2149 760 2209 insania
771 2149 868 2224 ferri;

128 2237 133 2245 '
153 2232 233 2293 Pace
244 2233 308 2292 isui
322 2239 407 2294 certa
420 2232 600 2314 laetitiaque
612 2230 698 2294 licet.
757 2298 761 2309 ¹
844 2296 847 2301 ,

112 2316 181 2377 Non
196 2317 294 2376 nostri
308 2317 441 2396 iaciunt,
461 2319 519 2378 tibi
535 2316 616 2395 quod
629 2323 682 2377 tuo
696 2321 837 2398 tempora
848 2314 994 2393 sordent,

65 2409 102 2461 10
151 2399 213 2459 Sed
226 2400 343 2461 fuciunt
356 2419 474 2480 mores,
491 2401 687 2479 Caeciliano,
705 2397 761 2463 tui.

488 2564 586 2626 LXXI

108 2678 237 2760 Massyli
249 2677 300 2740 leo
313 2677 394 2739 fama
405 2677 468 2756 iugi
480 2666 664 2758 pecorisque
677 2676 804 2741 maritus
835 2712 838 2717 »
929 2696 932 2701 ·

147 2763 292 2841 Lanigeri
306 2763 415 2822 mirum
430 2780 489 2841 qus
503 2761 607 2821 coiere
621 2759 694 2825 iide.

109 2846 178 2928 lpse
192 2846 268 2907 licet
280 2843 400 2924 videas,
422 2863 513 2906 cuveu
524 2843 715 2905 stabulentur
728 2845 765 2904 in
774 2862 835 2905 una

149 2931 191 2991 Et
203 2930 321 3011 parites·
335 2932 432 2990 socias
446 2931 546 3010 carpit
560 2934 691 3008 uterque
706 2927 817 3010 dapes:

84 3012 173 3076 5Ncc
187 3013 254 3073 fetu
269 3030 427 3074 nemorum
442 3013 575 3092 gaudent
589 3031 647 3074 nec
660 3015 784 3074 mitibus
799 3012 921 3089 herbis,

150 3094 347 3169 Concordem,
355 3099 446 3158 satiat
460 3097 516 3157 sed
529 3096 615 3157 rudis
630 3116 706 3175 agna
720 3097 840 3157 famem.

106 3180 188 3256 Quid
201 3181 315 3241 meruit
328 3187 432 3241 terror
447 3181 594 3257 Nemees,
617 3178 691 3259 quid
707 3177 849 3258 proditor
862 3173 990 3254 Helles,

147 3264 190 3324 Ut
202 3265 322 3324 niteant
337 3263 412 3324 celsi
425 3262 528 3325 lucida
543 3265 627 3343 signu
641 3261 731 3343 polit
749 3332 753 3341 Ι

107 3346 217 3407 Sidera
230 3349 258 3408 si
269 3352 397 3427 possent
408 3348 606 3429 pecudesque
619 3347 773 3426 ierueuue
782 3344 929 3418 mansu„

56 3441 94 3490 10
137 3431 567 3516 Hioariesastris-‚nicleo
583 3432 802 3516 diguuuerut.
855 3458 864 3467 κ
901 3498 904 3503 ,
