2264 3786
297 184 634 250 EPIGRAMMA'I'ON
646 187 785 252 itu-rx.
992 186 1077 251 215

475 389 609 453 LXXVI.

113 502 199 561 Haec
212 506 285 561 runt
297 501 352 564 Illa
369 504 430 563 mei
449 522 526 583 quae
541 502 669 564 carnida
683 522 737 562 cra
751 502 893 580 Camoni,

155 585 241 644 llaec
254 587 344 664 pueri
357 586 452 648 facien
465 588 625 667 primaque
639 587 738 647 farma
751 586 821 647 mia.
924 618 927 623 ·
1056 596 1061 605 “

113 669 263 728 Creverat
275 669 327 730 hic
340 669 439 730 voltus
453 672 502 731 bia
518 670 607 730 denia
621 670 735 730 fortior
749 670 836 730 annia

156 750 376 832 Gaudebatque
387 772 457 813 ruas
470 753 600 834 pingere
614 754 709 814 barba
723 758 833 831 genae,
891 792 895 799 ·

89 835 153 895 sut
166 833 260 895 libata
273 828 401 895 aemcl
385 855 516 897 summae
530 837 620 896 modo
637 856 771 916 purpura
786 834 930 897 cultros

155 917 326 997 Sparserat
354 919 464 979 Invidit
478 919 518 980 de
534 922 638 980 tribur
647 939 707 978 una
721 930 810 983 coron·

112 1001 153 1060 Et
163 1001 316 1062 fertinatis
331 1002 443 1063 incidit
456 1005 584 1063 rtamiua
597 1004 747 1083 penaia„
834 1016 839 1026 “

155 1086 384 1164 Absentemque
398 1089 480 1166 patri
494 1084 618 1147 rettulit
633 1104 710 1146 urna
723 1103 839 1164 rogum.

113 1167 175 1228 Sed
189 1186 230 1228 ue
244 1168 309 1229 nula
322 1177 425 1229 tamen
439 1188 567 1249 puerum
580 1171 701 1250 pictura
713 1168 875 1249 loquatur,

70 1263 105 1313 10
152 1251 237 1312 Ilaec
251 1254 313 1314 erit
324 1254 356 1313 iu
371 1253 485 1314 chartis
499 1255 595 1314 maior
607 1254 706 1333 Imago
720 1253 806 1314 melu.

470 1382 618 1450 LXXVII.

113 1494 202 1573 Quod
216 1496 362 1576 aptlmum
375 1497 415 1555 ait
430 1495 566 1576 disputat
579 1497 747 1558 convivium

154 1576 299 1640 Facunda
312 1577 413 1641 Prisci
426 1581 552 1659 pagiua,
813 1652 821 1663 .

113 1663 154 1723 Et
167 1662 261 1723 multa
275 1658 375 1738 dulci,
395 1662 490 1723 multa
504 1661 627 1724 sublimi
641 1663 758 1742 refert,
902 1650 912 1674 ⁸

155 1744 219 1806 Sed
232 1752 340 1805 cuncta
355 1704 446 1805 ducto
460 1750 618 1827 pectore.
919 1770 924 1785 ·

91 1828 205 1907 5Quod
219 1830 364 1909 optImum
379 1829 420 1889 ait
434 1831 581 1908 quaeritis
595 1829 785 1890 convivium?

72 1930 75 1943 ¹
154 1914 189 1974 lu
203 1932 262 1990 quc
277 1911 439 1975 choraulen
452 1933 514 1973 non
528 1914 598 1974 erit

467 2062 628 2126 LXXVIII.

114 2173 236 2233 Funera
248 2179 319 2252 pcat
332 2161 451 2254 neptem
467 2176 571 2256 nupsit
584 2176 641 2236 tibi
657 2159 744 2237 Galla
757 2153 906 2253 uirorum,
940 2185 943 2192 '
1020 2180 1038 2258 J

155 2258 332 2318 PicentInea
353 2261 442 2338 aequi
457 2258 539 2337 volt,
559 2266 652 2340 puto,
674 2258 762 2320 Gella
776 2261 867 2320 vlroa.

484 2391 618 2454 LXXIX.

115 2501 232 2563 Oderat
244 2511 316 2564 ante
332 2502 441 2563 ducum
456 2504 587 2564 famulor
598 2496 780 2581 turbamque
793 2502 929 2582 priorem

155 2585 380 2649 etpalatum
395 2587 491 2646 Roma
505 2585 718 2666 aupercIIium.

112 2670 155 2730 nt
168 2689 248 2730 nunc
262 2677 365 2731 tantus
380 2689 464 2731 amor
479 2671 613 2748 cunctis,
634 2671 790 2748 Anguste,
809 2674 944 2729 tuorum
947 2675 1011 2745 eat,

155 2753 199 2813 Ut
211 2755 253 2814 cit
266 2756 376 2834 cuique
391 2772 463 2815 auae
478 2774 550 2815 cura
565 2753 699 2814 secunda
714 2752 829 2815 domun.

93 2847 109 2896 5
116 2837 194 2897 'lam
206 2836 346 2916 placidae
361 2845 497 2918 menter,
518 2832 604 2899 tanta
617 2845 666 2898 eat
677 2837 853 2899 reverentia
865 2838 979 2913 unani,

155 2921 233 2981 ''lam
246 2930 353 3001 pacata
371 2923 474 3002 quies,
495 2923 620 2982 tantus·
611 2941 643 2981 m
658 2940 712 2982 ore
729 2920 839 3003 pudor.

113 3005 209 3064 Nemo
225 3025 296 3065 auor
311 3039 354 3052 -
365 3006 442 3066 haec
460 3013 508 3066 est
521 3005 609 3066 aulae
623 3011 731 3066 natura
745 3004 952 3086 potentia,
897 3038 932 3047 —

155 3087 219 3149 Sed
234 3088 348 3150 domiui
362 3108 463 3151 mores
478 3091 678 3151 Caesarianus
692 3089 795 3152 habet.
855 3149 858 3154 ,

486 3220 607 3283 LXXX
629 3216 632 3221 ’

112 3334 249 3393 Duxerat
261 3334 400 3394 eenricus
414 3333 604 3416 locupletem
615 3350 735 3415 pauper
751 3349 929 3411 anumqaea

148 3416 282 3477 Uxorem
293 3419 400 3500 parcit
415 3417 543 3484 Gellius
557 3426 591 3488 et
604 3419 720 3482 latuit⁴
1040 3464 1074 3544 1
