2264 3786
132 168 173 263 26
451 168 495 228 aa.
511 168 602 231 vau.
620 167 845 228 nanninus

218 312 361 378 Gaudent
374 319 495 377 iocosae
511 318 604 378 Canio
620 337 674 377 sno
690 317 809 396 Gades,

176 412 211 462 lo
258 402 396 460 Emerita
409 401 544 461 Deciano
558 419 644 460 meo:

218 484 281 559 Te,
303 483 476 562 Liciniane,
497 484 677 562 gloriabitur
691 492 810 561 nostra,

257 568 322 627 Nec
336 585 384 626 me
396 569 512 628 tacebit
527 565 659 628 Bilbilis.

604 701 695 761 LXII.

216 815 308 875 Casta
324 833 382 874 nec
396 814 528 914 antiquis
543 811 656 873 cedens
669 782 802 872 LaevIna
816 813 937 875 Sabinis

257 898 298 956 Et
312 898 445 976 quamvis
458 899 571 955 tetrico
583 897 726 954 tristior
717 914 783 974 lpsa
797 898 862 954 viro
1058 948 1061 957 .

216 980 294 1041 Dum
308 980 397 1039 modo
412 979 563 1055 LucrIno,
585 977 675 1036 modo
691 996 725 1036 se
739 981 893 1057 permittit
906 983 1046 1063 Averno,
1071 993 1074 997 ’

257 1066 298 1124 nt
312 1063 383 1122 dum
396 1063 518 1122 Bolanis
533 1078 626 1140 saepe
640 1061 762 1121 fovetur
775 1065 878 1141 aquis,

195 1146 352 1209 olucidit
342 1165 375 1205 ru
389 1147 548 1205 flammas'
539 1163 741 1222 1nvenemque
755 1154 860 1205 secuta
877 1146 990 1209 relicto

257 1231 394 1310 Coniuge
409 1228 567 1310 Penelope
582 1230 682 1305 venit,
705 1229 768 1288 abit
782 1228 916 1294 Helene.

592 1361 696 1423 LXIII.

214 1475 256 1536 Ut
271 1476 400 1534 recitem
414 1475 472 1534 tibi
484 1482 590 1533 nostra
603 1491 692 1551 rogas
707 1474 931 1551 epigrammata.
965 1476 1054 1538 Nolo.

197 1638 200 1645 Ι
255 1558 324 1617 Non
338 1558 461 1637 audire,
484 1557 595 1635 Celer,
617 1555 674 1615 sed
687 1557 822 1616 recitare
836 1561 931 1639 cupis.
1021 1562 1025 1573 “

595 1688 702 1752 L.XIV

214 1803 363 1883 Bellona,
384 1805 537 1881 novlmus,
559 1809 592 1862 et
607 1799 730 1883 puella,
748 1821 854 1862 verum
869 1812 935 1881 est,

91 1903 97 1927 ¹
213 1887 255 1946 Et
268 1886 366 1964 dives,
386 1890 453 1967 quis
468 1890 550 1947 enirn
564 1893 668 1967 potest
681 1904 796 1962 negare
804 1889 819 1944 l
911 1952 914 1959 ¹

214 1970 277 2029 Sed
293 1991 360 2031 cum
376 1978 408 2030 te
422 1973 562 2046 nimium,
583 1968 726 2044 Fabulla,
747 1966 872 2046 laudas,

213 2055 278 2113 Nec
296 2053 380 2113 dives
395 2071 496 2132 neque
510 2052 593 2113 bella
608 2069 666 2111 nec
680 2049 785 2131 puella
799 2071 841 2112 es.

602 2186 703 2250 LIIV.v

170 2299 247 2358 Cum
262 2298 323 2359 dixi
339 2299 430 2376 licus,
451 2296 537 2358 rides
554 2300 638 2372 qnasi
652 2300 781 2359 barbara
795 2302 888 2359 verba

211 2382 253 2441 Et
268 2381 328 2442 diei
343 2384 435 2460 ficos,
458 2381 649 2459 caeciliane,
670 2383 766 2442 iubes.

151 2475 154 2479 ’
170 2465 311 2526 Dicemus
328 2468 420 2542 licus,
444 2485 517 2545 quas
532 2467 689 2526 scimusin
703 2468 814 2526 arbore
828 2467 940 2543 naonis

211 2549 352 2610 Dicemus
366 2551 458 2628 ficos,
479 2549 668 2628 caeciliane,
689 2556 766 2611 tuos.
840 2596 842 2600 -

586 2696 693 2760 LXVI.

205 2808 304 2873 Erras
318 2825 455 2868 meorum
468 2809 519 2868 fur
533 2829 622 2870 avare
635 2809 803 2886 librorum,

209 2891 295 2950 Fieri
310 2901 432 2970 poetam
445 2912 537 2972 posse
552 2895 604 2971 qni
618 2901 707 2972 putas
720 2899 805 2952 tanto
817 2935 827 2968 ‚

211 2973 370 3060 Scriptura
387 2979 492 3054 quanti
507 2982 627 3036 constat
643 2983 676 3035 et
690 2982 789 3035 tomus
804 2974 885 3039 vilis

84 3118 87 3122 .
209 3057 278 3117 Non
292 3077 345 3119 sen
361 3067 484 3138 paratur
499 3067 550 3120 ant
565 3059 673 3118 decem
687 3060 801 3137 sophos
815 3061 961 3120 nummis:

94 3180 97 3185 -
188 3141 339 3202 5Secreta
354 3162 468 3221 quaere
482 3145 615 3202 carmina
630 3150 663 3201 et
677 3142 770 3201 rudes
785 3162 873 3203 curas

210 3226 291 3300 Quas
305 3229 390 3286 novit
403 3246 480 3285 unus
494 3227 672 3303 scrinioque
688 3227 821 3302 signatas

210 3309 353 3368 Custodit
368 3312 435 3388 ipso
451 3310 579 3386 virginis
593 3316 684 3387 pater
697 3311 841 3385 chartae,

209 3393 293 3467 Quae
308 3394 381 3452 trita
396 3392 472 3452 duro
487 3411 549 3450 non
565 3393 721 3453 Inhorruit
734 3399 848 3456 mento.

115 3514 151 3560 h
