2264 3786
109 203 173 294 rsa
391 224 395 229 ·
433 202 479 265 Μ.
494 201 584 263 van.
599 199 822 261 Manrnms
880 225 881 229 a

195 355 262 414 Non
277 355 478 413 Athamanteo
492 354 594 434 potius
608 371 656 416 me
671 354 766 413 mirer
778 353 811 411 iu
827 371 916 431 auro,

154 450 188 500 20
235 438 375 498 Aeolium
391 436 486 496 dones
501 439 528 496 si
542 437 632 515 mibi,
651 436 780 514 Phrixe,
800 454 905 515 pecus.

196 522 223 582 0
238 528 366 602 quantos
382 522 461 581 risus
475 521 593 600 pariter
608 525 746 600 spectata
760 521 895 586 movebit

237 608 313 665 Cum
324 603 461 687 Palatina
474 609 579 664 nostra
592 602 715 663 lacerna
728 604 814 682 toga!

572 736 680 798 XXIX.
784 769 785 772 ¹

196 852 332 913 Disticha
347 851 400 929 qui
413 845 536 926 scribit,
556 854 648 927 puto,
668 845 733 907 volt
746 847 898 908 brevitate
911 847 1047 927 plaeere.
1077 856 1087 882 ⁸

238 933 320 1013 Quid
332 932 461 1012 prodest
475 933 628 1007 brevitas,
649 930 699 990 dic
714 931 806 1009 mibi,
827 932 853 990 si
866 928 949 991 liber
963 934 1035 994 est?

494 1048 496 1053 '
568 1026 671 1124 'xxx

83 1219 89 1228 ,
107 1245 111 1252 ,
195 1180 255 1256 Qui
267 1188 349 1239 nnno'
362 1180 531 1239 Caesareae
544 1178 628 1239 lusus
643 1183 800 1259 spectatur
813 1179 964 1255 harenae,

239 1263 442 1343 Temporibus
459 1262 547 1323 Bruti
562 1262 659 1340 gloria
673 1282 787 1339 summa
800 1263 869 1324 fnit.
967 1314 974 1323 i

196 1347 333 1427 Aspicis,
356 1351 391 1406 ut
403 1352 509 1407 teneat
523 1347 657 1406 flammas
670 1363 831 1426 poenaque
844 1346 965 1406 fruatur
987 1412 992 1419 ,

237 1430 341 1490 Fortis
356 1436 389 1490 et
401 1431 530 1497 attonito
545 1437 656 1507 regnet
671 1431 704 1489 in
718 1431 790 1506 igne
805 1428 923 1489 manna!

54 1556 57 1563 »
176 1500 266 1594 5lpse
282 1516 330 1574 sui
344 1519 500 1594 spectatae
513 1512 600 1573 adest
615 1518 648 1573 et
661 1512 765 1572 nobile
780 1512 908 1573 dextrae

236 1598 340 1657 Funus
356 1604 451 1657 amat:
472 1598 547 1658 totis
561 1596 697 1677 parcitur
711 1595 768 1655 illa
782 1596 885 1656 sacris

197 1680 360 1758 Quodnisi
375 1687 463 1762 rapta
477 1682 561 1741 fo'ret
574 1679 695 1740 nolenti
707 1694 823 1764 poena,
843 1679 971 1759 parabat
997 1724 1001 1737 .

239 1765 363 1826 Saevior
376 1767 409 1825 in
422 1764 519 1825 lassos
533 1766 581 1824 ire
595 1765 720 1824 sinistra
733 1764 829 1824 focos.

69 1852 71 1856 ‘
198 1849 285 1909 Scire
298 1852 385 1929 piget
397 1855 469 1929 post
481 1847 544 1908 tale
560 1847 668 1927 decus,
690 1836 764 1925 qnid
777 1846 890 1906 fecerit
904 1851 991 1904 ante:

157 1943 190 1993 lo
237 1933 333 2009 Quam
344 1931 423 2012 vidi,
444 1933 517 1994 satir
532 1937 581 1993 est
591 1932 671 1990 banc
684 1931 760 1990 mihi
773 1947 864 1990 nosse
878 1947 1007 1992 manum.

305 2050 308 2055 ’
577 2056 684 2140 xxxi.

198 2193 309 2252 Nescio
324 2190 398 2270 qnid
412 2191 452 2252 de
466 2197 499 2252 te
513 2211 574 2252 nou
588 2193 689 2273 belle,
708 2194 826 2271 bento,
847 2191 974 2268 lateris,

241 2277 378 2356 Coniuge
393 2277 445 2356 qui
460 2274 550 2336 dueta
563 2277 631 2338 iura
644 2284 773 2362 paterna
785 2278 876 2357 petis.

200 2359 262 2420 Sed
277 2361 336 2419 iam
349 2358 538 2440 supplicibus
554 2359 707 2422 dominum
721 2361 836 2421 lassare
848 2355 967 2420 libellis

240 2444 354 2504 Desine
368 2444 447 2503 etin
461 2446 590 2523 patriam
604 2465 691 2507 serus
706 2447 742 2506 ab
757 2446 834 2504 urbe
847 2440 926 2503 redi.

88 2608 94 2615 .
128 2598 133 2604 ,
179 2528 273 2588 5Nam
290 2526 360 2587 dum
373 2534 405 2599 tu
419 2528 512 2606 longe
526 2527 650 2589 deserta
662 2547 758 2590 uxore
772 2527 885 2607 diuque

244 2612 324 2671 Tres
340 2612 461 2690 quaeris
474 2618 578 2691 natos,
601 2619 744 2691 quattuor
756 2611 904 2672 invenies.

572 2715 694 2807 xuxn.

200 2857 281 2916 Aiira
294 2874 353 2936 per
366 2858 492 2917 tacitum
505 2855 630 2938 delapsa
643 2857 780 2918 sedentis
795 2859 828 2917 in
841 2858 924 2936 ipsos

241 2937 346 2999 Fluxit
359 2939 519 3001 Aratnllae
534 2940 647 3002 blanda
661 2941 799 3002 columba
805 2942 905 3001 sinus.

198 3023 330 3085 Luserat
342 3026 402 3084 hoe
416 3044 519 3103 casus,
539 3026 599 3085 nisi
613 3026 806 3088 inobservata
820 3032 959 3084 maneret

241 3104 454 3188 Permissaque
468 3110 528 3170 sibi
541 3106 643 3170 nollet
657 3111 741 3170 abire
755 3109 837 3186 fuga.

178 3191 234 3252 5Si
250 3191 376 3253 meliora
389 3195 457 3274 piae
472 3194 518 3253 fas
533 3200 581 3254 est
594 3212 720 3275 sperare
733 3192 833 3252 sorori
933 3230 936 3235 ,

241 3277 283 3337 Et
297 3274 450 3338 dominum
464 3278 569 3337 mundi
582 3279 712 3338 flectere
725 3280 795 3335 rota
809 3275 928 3351 valent,

187 3359 279 3418 Haec
293 3381 310 3421 a
326 3360 457 3434 Sardois
471 3363 531 3423 tibi
543 3361 676 3422 forsitan
688 3356 788 3421 erulis
801 3358 883 3432 oria,

219 3440 341 3506 Fratre
356 3466 551 3529 reversuro,
569 3447 688 3525 nnnaia
698 3445 789 3506 seuit
801 3442 877 3503 avla.
