2264 3786
91 206 153 273 too
199 278 205 289 ,
382 205 455 316 ⁸iu.
470 205 560 268 vau.
579 204 802 283 muamus

567 408 646 470 XIX.

175 522 297 603 Pauper
309 519 409 582 videri
423 523 522 583 cinna
535 520 615 595 voit3
635 525 668 581 et
681 525 730 580 eat
741 538 868 602 pauper.

572 652 639 716 XX.

175 756 252 817 Cum
265 754 359 815 facias
373 772 481 815 vernus
493 753 579 814 nulla
593 773 655 814 uon
669 752 739 815 luce
753 751 906 830 ducenos,

214 838 314 918 liure,
334 837 412 919 nihil
425 839 548 901 recitas.
577 838 646 899 Non
661 838 758 919 sapio,
779 844 872 917 atque
885 837 979 917 capia.

514 1036 517 1043 ,
565 968 645 1032 ΧΧΙ.

172 1070 372 1151 Phosphore,
392 1065 491 1130 redde
504 1058 601 1135 diem:
624 1064 698 1148 quid
711 1064 819 1146 gaudia
831 1073 938 1132 nostra
951 1074 1098 1141 moraris?

217 1155 349 1215 Caesare
363 1158 510 1232 venturo,
530 1154 727 1233 Phosphoro,
748 1150 846 1212 redde
861 1150 952 1218 diem.

76 1282 81 1288 -
173 1237 269 1298 Roma
282 1242 378 1315 rogat.
407 1235 526 1299 Placidi
538 1234 686 1316 numquid
698 1241 730 1297 tc
744 1237 833 1315 pigra
846 1236 963 1301 Bootae

216 1320 357 1381 Plaustra
368 1322 499 1398 uehunt,
519 1319 605 1382 leuto
620 1319 703 1400 quod
715 1318 805 1379 nimis
820 1338 874 1381 axe
887 1323 999 1383 veniat

152 1404 296 1466 stedaeo
310 1410 435 1485 poteras
450 1404 602 1465 abducere
618 1400 764 1482 Cyllaron
778 1409 876 1462 astro:

216 1489 285 1569 lpse
301 1508 354 1548 suo
371 1488 462 1549 cedet
475 1508 555 1549 nunc
571 1488 628 1548 tibi
644 1489 753 1547 Castor
768 1505 856 1567 equo.

175 1571 257 1649 Quid
272 1571 413 1651 cupidum
430 1572 541 1632 'l'ituna
554 1571 666 1633 tenes?
677 1571 752 1630 ’lam
764 1571 903 1653 Xanthus
920 1577 952 1631 et
965 1571 1087 1631 Aethon

215 1655 318 1715 Frena
330 1654 452 1733 volout,
473 1654 580 1735 vigilat
593 1655 768 1716 Memnonio
781 1653 859 1715 alma
871 1673 995 1735 parens.

176 1738 278 1799 Tarda
292 1746 394 1798 tumen
407 1738 524 1803 nitidae
537 1759 599 1800 uon
613 1737 727 1799 cedunt
741 1737 844 1799 sidera
857 1736 924 1807 luci
1055 1758 1062 1765 ·

89 1859 95 1865 -
135 1833 168 1885 io
215 1823 257 1884 Et
274 1824 358 1901 cupit
371 1824 539 1883 Ausonium
552 1821 744 1883 lunavidere
759 1820 877 1884 ducem.
928 1873 932 1877 .

174 1907 250 1984 iam,
270 1904 399 1985 caesai,
419 1905 470 1967 vel
482 1914 575 1967 nocte
588 1907 674 1967 veui:
695 1911 780 1967 stent
794 1903 1013 1983 attenuabit,

215 1990 283 2050 Nou
299 1987 400 2050 deerit
412 1988 527 2071 populo
543 1997 575 2050 te
589 1991 732 2051 veniente
747 1988 823 2050 (ileo.

560 2122 652 2184 XXII.

135 2308 140 2317 ῃ
176 2234 287 2294 inuitas
302 2231 341 2294 acl
353 2254 475 2315 aprum,
496 2235 584 2315 ponis
599 2235 689 2315 mihi,
708 2232 844 2313 Gallice,
864 2253 1001 2316 porcum.

215 2315 443 2398 illoricatum,
464 2318 492 2379 oi
506 2317 576 2398 dac,
596 2316 734 2398 Gallice,
753 2318 846 2380 verba
858 2318 943 2379 mihi.

556 2452 662 2515 XXllI.

173 2551 251 2612 Ecce
264 2552 322 2613 tibi
335 2551 442 2614 uideor
456 2572 563 2613 saeuus
577 2554 764 2632 nimiumque
779 2548 919 2629 gulosus,

216 2636 275 2713 Qui
288 2641 417 2717 propter
431 2655 551 2716 cenam,
571 2637 713 2715 Rustice,
736 2634 830 2696 caedo
846 2653 962 2696 cocum.

175 2719 208 2779 Si
221 2717 300 2778 levia
312 2720 372 2778 icta
386 2720 443 2780 tibi
457 2720 622 2800 flagrorum
637 2738 726 2780 causo
739 2717 879 2797 uidetur,
942 2788 945 2793 ae

214 2802 261 2863 Ex
278 2821 337 2881 qua
350 2803 395 2862 uic
409 2822 499 2865 cauca
511 2802 635 2887 vapulet
649 2821 723 2885 ergo
739 2802 854 2883 cocuc‘l

570 2936 681 3001 XXIV.

174 3033 207 3093 Si
225 3032 298 3112 quid
311 3028 395 3094 forte
408 3041 512 3115 petam
523 3033 632 3096 timido
645 3032 814 3114 gracilique
826 3033 954 3117 libello,

215 3117 356 3198 improba
369 3136 431 3177 uon
448 3119 545 3180 fuerit
559 3121 585 3179 ci
598 3137 666 3178 mea
679 3119 803 3196 charta,
825 3117 907 3182 clato.

174 3201 214 3260 Et
228 3203 254 3261 si
267 3220 329 3261 non
345 3192 485 3282 dederis,
507 3204 638 3281 Caesar,
657 3203 804 3283 permitte
817 3203 936 3282 rogarit

214 3286 387 3348 Offendunt
398 3305 551 3367 uunquam
566 3292 634 3346 tura
647 3288 819 3366 precesque
834 3287 944 3348 lovem

134 3366 224 3443 54lui
236 3370 331 3451 ungit
345 3390 455 3435 sacros
471 3388 546 3434 outo
560 3368 613 3432 acl
625 3389 778 3431 marmore
786 3370 909 3444 uoltua„

188 3454 265 3517 Nou
282 3457 367 3520 facit
380 3456 440 3521 iile
456 3458 555 3522 deoc:
575 3457 633 3540 qui
644 3461 758 3536 cogat,
772 3451 933 3514 malacia.
