2264 3786
299 215 632 278 EPlGllAMMA'l'ON
646 217 719 280 nm.
735 218 781 278 ΙΙΙ.
1009 216 1051 280 hh

494 417 585 479 Xllll.

111 530 262 607 Dedecus,
283 531 388 610 Apici,
402 531 450 591 his
465 531 655 591 trecentiens
671 533 788 609 uentri,

109 617 149 676 Et
164 614 261 674 adhuc
278 619 440 693 supererat
454 614 592 672 centiens
607 615 664 672 tibi
675 611 786 676 laxum.

109 700 176 758 Hoc
193 704 228 758 tu
240 705 379 776 gravatus
394 703 428 756 ut
441 697 552 756 famem
567 701 600 756 et
614 697 695 756 sitim
709 698 794 759 ferre

110 783 231 841 Summa
245 799 393 842 venenum
406 781 533 860 potione
546 779 699 860 perduxti.

87 864 162 927 5Nll
177 871 241 942 est,
261 865 367 945 Apici,
388 865 446 925 tibi
460 863 594 944 gulosius
608 864 731 924 iactum.

488 996 593 1059 xxm.

111 1111 217 1172 Omnia
234 1129 299 1169 cum
314 1115 400 1169 retro
415 1110 520 1190 puerit
535 1111 660 1190 opsonia
673 1103 792 1189 tradas,

150 1194 213 1253 Gur
227 1212 288 1253 nen
301 1211 405 1253 mense
418 1193 476 1253 tihi
490 1195 613 1274 punitur
628 1215 645 1253 a
658 1194 810 1274 pedibus?

484 1324 591 1389 XXIV.

108 1439 181 1501 Vite
195 1455 309 1497 nocens
325 1436 394 1496 rosa
407 1435 506 1496 mahat
518 1437 683 1497 moriturus
697 1434 737 1496 ad
751 1456 817 1498 ιιιι

113 1590 116 1595 ,
150 1522 282 1598 Hircus,
303 1520 442 1597 Bacche,
464 1520 525 1578 tuis
538 1521 660 1580 victima
671 1526 757 1598 grets
770 1521 857 1584 fo'cis.

108 1606 205 1680 Quem
221 1602 339 1663 Tuscus
354 1607 486 1663 mactare
502 1601 560 1662 deo
576 1623 643 1663 cum
658 1602 753 1664 vellet
767 1605 934 1688 haruspex,

105 1701 110 1708 ’
149 1688 275 1746 Dixerat
289 1686 402 1764 agresti
415 1678 498 1745 ferte
513 1684 643 1765 rudique
656 1687 737 1764 viro,

86 1772 152 1833 5Ut
167 1771 228 1830 cito
242 1767 402 1830 testiculos
417 1773 450 1828 et
464 1774 550 1829 acuta
563 1768 643 1829 falce
659 1776 794 1849 secaret,

149 1854 248 1914 Tetcr
261 1860 296 1914 ut
308 1851 480 1913 immundae
494 1853 595 1913 carnia
608 1853 707 1913 abiret
721 1851 807 1916 odor.

108 1939 176 2019 lpse
190 1954 284 2017 super
297 1936 413 1997 virides
427 1956 493 1997 uras
507 1933 655 1996 luctantia
671 1955 786 2016 pronus

147 2021 226 2080 Dum
243 2026 364 2083 resecat
376 2019 476 2080 cultro
493 2016 572 2079 colla
585 2021 760 2100 premitque
775 2038 879 2100 manu,

107 2106 217 2183 lugens
231 2104 316 2163 iratis
331 2105 471 2184 apparuit
483 2102 593 2170 hernia
606 2105 710 2165 sacris.

67 2200 100 2250 10
148 2187 283 2269 Occupat
298 2188 376 2260 hunc
392 2185 478 2247 ferro
491 2186 623 2248 rustlcus
637 2194 728 2268 atque
742 2195 842 2267 secat,

107 2271 175 2330 Hoc
189 2275 272 2330 ratus
286 2271 427 2350 antiquos
444 2268 599 2333 sacrorum
612 2285 743 2353 poscere
756 2273 834 2333 ritus

117 2360 120 2368 '
149 2353 277 2414 Talibus
291 2359 324 2414 et
337 2355 423 2415 libris
439 2356 563 2415 numina
575 2357 677 2436 prisca
692 2352 760 2414 ccli.

106 2438 158 2498 Sic
172 2435 262 2497 modo
278 2439 330 2517 qui
344 2437 463 2498 Tuscus
476 2438 598 2515 fueras,
619 2455 698 2497 nunc
713 2432 821 2495 Gallus
832 2436 999 2517 haruspex,

148 2522 226 2580 Dum
240 2521 356 2600 iugulas
370 2522 505 2597 hircum,
523 2522 622 2580 factus
637 2537 670 2579 es
684 2519 751 2597 ipse
767 2537 867 2599 caper.

485 2666 579 2728 XXV.

109 2784 141 2844 Si
156 2783 324 2863 temperari
337 2780 479 2842 halneum
494 2780 578 2862 cupis
591 2778 714 2841 fervens
722 2825 731 2861 ,
803 2778 806 2783 ’

107 2867 270 2944 Faustlne,
293 2864 374 2947 qued
384 2866 433 2942 rix
446 2861 579 2926 Iulianus
592 2864 739 2943 intraret,

57 2974 77 3024 ι
106 2951 205 3030 linga,
227 2947 364 3028 lavetur,
385 2950 544 3009 rhetorem
556 2946 746 3010 Sabinseum.
830 3015 833 3019 ,

106 3034 294 3096 Neronianas
308 3033 358 3093 hic
371 3032 537 3113 refrigerat
549 3031 696 3113 thermas.

483 3163 591 3227 xxvi
640 3232 644 3242 ,

105 3278 236 3343 Praedia
250 3281 332 3343 solus
346 3282 441 3342 habes
456 3288 489 3342 et
503 3280 602 3357 solus,
623 3277 777 3353 Candide,
797 3295 949 3355 nummos,
1074 3264 1080 3284 '

146 3366 251 3426 Aurea
263 3364 346 3425 solus
359 3366 470 3443 hahes,
492 3365 627 3424 murrina
640 3360 721 3420 solus
735 3360 846 3439 hehes,
878 3369 880 3372 ’

68 3445 240 3588 MMassic's
255 3447 336 3519 solus
349 3450 444 3509 hahes
457 3455 491 3510 et
505 3447 605 3530 Opimi
620 3443 758 3505 caecula
771 3443 872 3590 '⁰¹³2'

105 3550 175 3595 cur.
