2264 3786
421 209 465 271 Μ.
480 208 569 274 vnn.
584 207 806 285 mannus
872 220 876 225 ·

527 409 702 472 LXXXVII

186 511 296 570 Narrat
310 517 359 586 te,
382 509 516 586 Chione,
536 529 657 587 rumor,
677 527 827 587 nunquam
842 524 912 568 esse
926 507 1055 569 fututam

226 574 327 672 Atque
340 591 418 652 nihi]
432 611 530 651 cunno
545 593 650 671 purius
666 611 734 652 esse
745 601 820 651 tue.¹

186 677 283 736 Tecta
299 683 400 736 tamen
416 695 477 734 non
489 675 562 752 hac,
585 695 644 754 qua
658 674 775 752 debes,
793 678 882 754 parte
895 656 1022 733 lavaris:

227 760 260 819 Si
273 759 372 839 pudor
388 764 451 836 est,
470 759 605 819 transfer
619 757 776 837 subligar
766 777 799 817 ιιι
812 755 933 817 faciem.

520 880 706 944 LXXXVIII.

58 1068 66 1079 ι
186 994 262 1053 Sunt
277 994 388 1070 gemini
404 993 530 1069 iratres,
553 991 671 1052 diversa
686 991 741 1052 sed
755 993 880 1071 inguina
891 990 1023 1072 liugnnt.

226 1077 342 1154 Dicite,
364 1074 525 1135 dissimiles
540 1082 611 1136 sunt
625 1077 734 1154 magis,
755 1075 946 1159 aulsimiles't

496 1257 497 1260 ,
530 1200 692 1262 LXXXIX.

183 1301 280 1361 Utere
294 1299 421 1360 lactucis
436 1307 468 1360 et
482 1298 624 1360 mollibus
637 1305 726 1359 utere
740 1299 859 1360 malvis:

225 1384 299 1444 Nam
314 1385 423 1444 faciem
439 1383 562 1461 durum,
583 1383 732 1461 Phoebe,
749 1387 880 1444 cacantis
893 1385 1004 1445 habes.-

580 1507 643 1568 XC.

183 1618 274 1697 Vult,
295 1639 356 1679 non
369 1616 434 1679 solt
450 1618 523 1678 dare
537 1616 627 1678 Galla
640 1618 731 1696 mth‚
726 1645 738 1656 ⁴·
751 1638 809 1679 nec
824 1612 929 1680 dicere
942 1576 1080 1702 nussum,

224 1703 312 1781 Quod
325 1703 390 1763 volt
405 1710 437 1763 et
452 1722 513 1763 uon
526 1703 606 1780 vult,
625 1702 699 1781 quid
713 1703 772 1762 sibi
786 1703 873 1763 Galla
887 1703 971 1803 uelit.

572 1815 650 1878 xcl.

184 1915 259 1973 Cum
271 1922 394 1995 peteret
407 1917 524 1994 patriae
541 1914 690 1973 missicius
705 1932 773 1972 arva
786 1912 964 1994 Ravennae,

225 1997 373 2057 Semiviro
387 1997 519 2076 Cybeles
533 2016 599 2056 cum
614 2013 708 2073 grege
723 1997 820 2054 iunxit
833 1997 907 2058 it'cr.

101 2076 105 2090 ’
182 2081 262 2139 Huic
276 2099 377 2140 comes
391 2081 538 2140 haerebat
552 2079 665 2138 domiui
678 2079 821 2156 fugitiuus
834 2079 990 2162 Achillas,

225 2162 353 2241 InsignIs
365 2163 462 2222 forma
476 2165 672 2241 nequitiaque
683 2181 770 2242 puer

162 2246 253 2305 5H0c
267 2245 390 2306 steriles
405 2265 531 2323 sensere
547 2246 621 2305 viri:
644 2266 702 2324 qua
716 2253 804 2327 parte
819 2248 947 2307 cubaret

77 2338 79 2343 '
224 2330 396 2408 Quaerunt,
416 2329 594 2390 sedtacitas
609 2332 705 2390 sensit
719 2337 752 2390 et
768 2327 823 2388 ille
837 2327 946 2394 daim·
1003 2366 1025 2379 -·

182 2414 350 2492 Mentitur,
374 2413 518 2475 credunt:
540 2415 638 2473 somni
651 2420 722 2494 post
735 2413 804 2472 vina
817 2420 987 2491 peccatura

224 2498 375 2558 Continuo
391 2499 508 2559 ferrum
520 2499 609 2558 noxia
624 2499 713 2558 turba
728 2497 810 2575 rapit

181 2580 392 2660 Exciduntque
406 2601 527 2661 senem,
548 2581 682 2662 spondae
696 2599 764 2639 cum
776 2584 865 2658 parte
880 2581 1016 2657 iaceret;

47 2699 56 2715 a
142 2674 187 2743 10=
222 2664 357 2741 Namque
371 2683 449 2743 puer
461 2665 567 2745 pluteo
580 2663 699 2725 vindice
713 2669 797 2722 tutus
812 2670 886 2722 erat.
903 2682 907 2689 ·

183 2745 374 2825 suppositam
389 2747 539 2825 quondam
553 2749 631 2807 fama
646 2754 694 2807 est
705 2766 762 2826 pro
775 2748 894 2823 uirgine
907 2766 1044 2829 cervam,

222 2830 265 2888 At
276 2845 356 2889 nunc
370 2848 427 2909 pra
442 2848 532 2890 cerac
547 2829 681 2890 mentula
696 2831 852 2910 supposits
866 2836 922 2890 est.

563 2954 652 3015 XCII.

181 3055 224 3116 Ut
237 3055 336 3134 patiar
350 3054 522 3131 moechum,
541 3058 731 3131 rogaturum,
753 3048 861 3131 Galle,
883 3053 1051 3118 sedunum.

221 3139 301 3198 Huic
315 3155 371 3221 ego
386 3156 447 3196 uon
462 3135 564 3197 oculos
580 3156 671 3216 erno,
693 3135 796 3237 Galle,
820 3136 920 3198 duos?

554 3249 657 3309 xcln.

182 3336 257 3406 (lum
273 3323 330 3410 tibi
344 3349 477 3410 trecenti
491 3344 647 3425 consules,
668 3345 853 3428 Vetustilla,

180 3429 221 3490 Et
236 3437 300 3493 tres
314 3431 417 3513 capilli
432 3439 633 3514 quattuorque
648 3432 709 3492 sint
726 3431 850 3510 dentes,
