2264 3786
299 204 636 269 EPIGRAMMATON
655 206 784 270 LIBER.

505 406 570 470 Vll.

108 521 250 600 Qualiter
264 523 296 582 iu
312 523 455 600 Scythica
468 521 616 599 religatus
628 541 705 601 rupe
721 522 923 582 Prometheus
1050 556 1057 578 a

147 605 308 667 Assiduam
320 608 412 665 nimio
429 612 557 685 pectore
570 607 767 685 paritatem,

106 689 194 750 Nuda
208 687 376 749 Caledonio
391 689 435 748 sic
449 689 567 750 viscera
580 689 722 768 praebuit
735 706 807 748 urso

148 773 217 831 Non
229 770 307 832 falsa
321 771 459 853 pendeus
474 773 506 831 in
522 790 613 832 cruce
626 769 804 833 Laureolus.

83 856 258 917 5Vivobant
271 854 366 916 laceri
384 856 528 915 memhris
543 854 727 916 stillantibus
742 861 826 914 artus

148 940 243 1017 Inque
258 940 338 999 omni
351 959 498 1018 nusquam
512 957 642 1018 corpore
657 956 767 1016 corpus
782 943 857 999 erat.
977 994 985 1015 ,

106 1023 246 1100 lienique
261 1022 441 1101 supplicium
458 1022 586 1104 dignum
600 1023 690 1084 tulit:
703 1022 758 1082 illc
768 1025 910 1101 parentia

146 1105 208 1168 vel
224 1104 338 1175 domiui
352 1105 486 1184 iugulum
499 1106 621 1165 foderat
637 1124 710 1165 ense
724 1122 856 1179 noceus3

107 1188 237 1268 Templa
251 1189 301 1248 vel
317 1209 425 1250 arcano
441 1189 567 1250 demens
583 1189 767 1271 spoliaverat
781 1206 871 1265 auro,

65 1283 99 1335 10
148 1271 333 1333 subdiderat
344 1292 447 1333 saevas
460 1272 510 1334 vel
523 1273 596 1351 tibi,
617 1273 728 1351 Roma,
750 1271 842 1332 laces.

108 1357 234 1419 Vicerat
249 1358 391 1436 antiquae
405 1354 574 1416 sceleratus
590 1357 715 1416 crimina
729 1355 844 1432 lamae,

147 1441 181 1499 ln
193 1459 269 1520 quo,
292 1459 369 1520 quae
382 1441 485 1500 fuerat
498 1438 616 1518 fabula,
637 1458 737 1519 poena
749 1439 817 1498 fuit.

441 1632 446 1647 „
500 1573 577 1636 Vlll.

108 1688 258 1765 Daedale,
274 1689 396 1749 Lucano
413 1709 481 1749 cum
495 1691 538 1748 sic
552 1688 700 1749 lacereris
715 1689 751 1747 ah
769 1707 857 1764 urso,

149 1773 244 1848 Quam
258 1790 387 1853 cuperes
400 1773 508 1853 pinnas
523 1792 603 1831 nunc
616 1773 758 1833 habuisse
774 1773 856 1830 tuas!

509 1905 560 1967 IX.

13 2046 15 2051 ·
105 2020 264 2098 Praestitit
280 2022 432 2082 exhibitus
446 2028 511 2081 tota
524 2022 597 2098 tihi,
617 2021 745 2098 Caesar,
766 2022 881 2080 harena

147 2106 231 2179 Quae
244 2124 304 2163 non
318 2106 459 2184 promisit
471 2105 588 2184 praelia
601 2105 790 2166 rhinoceros.

107 2186 132 2246 0
148 2207 237 2265 quam
254 2187 405 2249 terribilis
420 2190 534 2249 exarsit
546 2208 661 2268 prouus
673 2189 705 2248 in
720 2187 797 2247 iras!

147 2272 283 2347 Quantus
297 2279 364 2332 erat
377 2278 498 2351 murus,
520 2274 569 2333 cui
582 2271 646 2352 pila
659 2279 763 2331 tauram
777 2270 858 2329 erat!

518 2405 555 2465 X.

104 2520 251 2586 Laeserat
263 2521 382 2598 ingrato
397 2519 446 2580 leo
464 2520 601 2600 perfidus
616 2538 670 2579 ore
683 2519 874 2596 magistrum,

145 2603 245 2663 Ausus
258 2610 320 2662 tam
335 2613 422 2664 notas
437 2610 648 2664 contemerare
663 2621 784 2679 manus,

104 2685 167 2745 Sed
182 2685 288 2764 dignas
304 2694 388 2748 tanto
405 2685 555 2767 persolvit
569 2686 696 2745 crimine
711 2704 842 2765 poenas,

144 2771 184 2829 Et
199 2771 325 2847 quinon
340 2769 454 2831 tulerat
470 2773 615 2846 verbera,
637 2769 699 2829 tela
712 2768 793 2829 tulit.

72 2853 187 2929 cliuos
202 2851 294 2912 decet
309 2872 378 2913 esse
392 2855 547 2914 homiuum
563 2853 619 2914 tali
633 2854 687 2912 suh
702 2854 841 2932 principe
857 2867 974 2926 mores,

70 2968 74 2978 ‹
145 2936 204 3011 Qui
220 2936 307 2995 iubet
319 2938 473 3014 ingenium
488 2939 590 2998 mitius
605 2955 673 2997 esse
687 2935 778 2996 feris!

508 3071 558 3131 xl.

46 3181 51 3194 “
105 3181 258 3261 Praeceps
273 3183 437 3260 sanguinea
453 3183 524 3242 dum
538 3202 571 3242 se
586 3189 668 3242 rotat
682 3202 770 3242 ursus
783 3183 913 3259 harena,

121 3326 126 3337 .
144 3264 323 3344 implicitam
336 3267 417 3326 visco
434 3265 639 3347 perdiditille
652 3266 761 3344 fugam.

104 3346 272 3426 Splendida
285 3350 345 3408 iam
359 3356 441 3409 teoto
458 3357 579 3409 cessent
592 3347 740 3409 venabula
754 3348 857 3424 ferro,

85 3498 92 3505 ,
144 3431 209 3492 Nec
222 3432 305 3493 volet
318 3451 443 3509 excussa
455 3431 561 3492 lancea
574 3439 656 3492 torta
669 3451 774 3506 manu;

805 3511 848 3573 xit

1029 205 1051 270 3
