2264 3786
4 186 138 257 ,rsa
283 186 287 193 ‘
395 190 439 250 Μ.
455 152 547 251 vlu.
561 187 784 250 marmus

522 389 657 453 XXXVI.

158 503 255 581 Regia
266 502 471 584 pyramidum,
493 504 622 581 Caesar,
643 502 787 562 miracula
800 502 885 563 ride:

199 587 260 646 lam
273 593 357 647 tacet
369 588 467 647 lloum
482 588 613 657 barbara
626 588 780 665 Memphis
799 605 886 666 opus.-

157 670 233 729 l'ars
248 676 340 748 quota
353 671 533 731 Parrhasiae
546 668 634 730 labor
647 677 697 729 est
709 671 898 730 Mareoticus
913 669 1021 731 aulaei

200 753 320 814 Clarius
333 756 365 814 in
381 760 447 814 toto
460 753 505 813 nil
518 755 602 814 videt
613 756 691 814 'orbe
706 752 781 814 dies.

137 837 314 917 oseptenos
326 839 444 918 pariter
459 837 567 897 credas
582 831 743 916 assurgere
757 842 902 913 montes,

199 920 409 981 Thessalicum
426 923 550 997 brevior
563 921 673 981 Pelion
688 914 764 999 Ossa
776 919 859 985 tulit.
968 955 971 959 ·

156 1004 294 1064 Aethera
308 1006 352 1065 sic
365 1007 477 1082 intrat,
498 1003 605 1064 nitidis
619 1012 653 1064 ut
668 1003 808 1064 conditus
823 1005 914 1064 astris
948 1080 951 1085 .
978 1036 984 1055 ι
1073 1058 1079 1067 ,

200 1086 352 1147 Inferiore
366 1093 456 1147 tonet
468 1089 549 1147 nube
568 1106 696 1148 serenus
711 1106 788 1166 apex
983 1136 985 1145 ,

156 1171 198 1231 Et
211 1172 295 1250 prius
311 1191 419 1232 arcano
434 1173 563 1232 satietur
578 1174 702 1231 numine
717 1171 859 1249 Phoebi,
977 1219 980 1224 .

116 1261 150 1315 10
197 1253 357 1315 Nascentis
372 1257 463 1316 Circe
481 1274 569 1335 quam
583 1255 668 1316 videt
685 1275 739 1315 ora
752 1256 858 1335 petris.

157 1337 258 1416 Haec,
281 1340 433 1419 Auguste,
453 1345 574 1418 tamen,
596 1357 674 1418 quae
689 1340 808 1399 vertice
820 1337 923 1409 sidere
935 1336 1055 1418 pulsat,

196 1421 257 1481 Par
272 1421 378 1485 domus
393 1433 441 1484 est
456 1423 560 1502 caelo,
580 1424 637 1485 sed
650 1424 750 1483 minor
763 1428 813 1482 est
826 1422 960 1484 domino.

510 1556 661 1620 XXXVII,
710 1547 712 1551 ’

31 1673 34 1678 “
157 1665 246 1744 Quod
260 1668 405 1729 Caietano
420 1667 541 1747 reddis,
561 1667 779 1748 Polycharme‚
800 1664 948 1741 tabellas,
999 1696 1002 1701 ·

197 1750 286 1812 Milia
298 1759 330 1813 te
346 1760 467 1813 centnm
481 1772 553 1813 num
569 1755 714 1814 tribuisse
730 1752 841 1833 putas?

157 1835 293 1912 „Debuit
309 1836 407 1896 baec“
424 1839 535 1916 inquis.
563 1822 636 1897 Tibi
646 1834 960 1915 bsbe,Polycbarme,
973 1830 1098 1895 tabellas

197 1919 238 1980 Et
253 1920 398 1981 Caietano
413 1920 495 1981 milia
509 1920 602 1981 crede
618 1919 688 1986 duo.

440 2032 443 2037 ’
507 2054 669 2116 xxxvrn.

157 2166 216 2240 Qui
229 2169 365 2243 praestat
378 2166 494 2244 pietate
507 2166 658 2244 pertinaci

156 2248 290 2307 Sensuro
308 2249 388 2308 bona
400 2247 612 2326 liberalitatis,

156 2332 267 2411 Captet
280 2331 409 2392 forsitan
425 2339 476 2392 aut
491 2334 586 2393 vicem
600 2338 751 2411 reposcat.

157 2416 199 2475 At
215 2416 242 2475 si
256 2417 324 2495 quis
340 2415 414 2477 dare
430 2419 545 2477 nomini
559 2415 670 2477 relicto

134 2499 230 2562 5Post
244 2519 347 2560 manes
360 2500 570 2581 tumulumque
584 2509 773 2583 perseverat,

156 2582 284 2660 Quaerit
298 2585 388 2664 quid,
407 2587 468 2646 uisi
481 2587 603 2666 parcius
618 2584 749 2657 dolere?

153 2666 264 2727 Refert
278 2670 319 2728 sis
334 2669 448 2744 bonus,
468 2669 596 2730 antelis
611 2669 720 2730 videri.

155 2751 297 2810 Praestas
311 2753 387 2829 hoc,
408 2752 540 2832 Melior,
562 2755 679 2814 sciente
694 2755 789 2832 fama,

155 2834 215 2910 Qui
227 2831 427 2895 sollemnibus
442 2838 545 2896 anxius
560 2836 674 2917 sepulti

114 2929 147 2980 10
153 2917 270 2977 Nomen
283 2937 343 2976 non
358 2919 432 2978 sinis
448 2912 579 2980 interire
593 2919 711 2999 Blaesi,

154 3002 197 3062 Et
211 3000 250 3061 tle
264 3002 405 3062 munifica
419 3004 563 3082 profusus
577 3023 647 3062 arca

154 3084 204 3145 Ad
217 3085 390 3146 natalicium
404 3086 485 3148 diem
502 3087 663 3148 colendum

156 3170 330 3246 Scribarum
344 3175 471 3233 memori
487 3175 618 3252 piaeque
632 3174 740 3232 turbae

156 3253 244 3328 Quod
260 3254 369 3334 donas,
388 3257 464 3317 facis
480 3259 546 3336 ipse
561 3256 761 3319 Blaesianum.

103 3337 216 3396 Jffloc
228 3336 355 3421 longum
372 3342 446 3423 tibi,
466 3342 530 3402 vita
543 3339 615 3401 (lum
628 3343 780 3417 manebit,

132 3419 208 3480 Hoc
224 3430 346 3508 etpost
361 3430 493 3491 cineres
507 3428 573 3490 erit
584 3428 749 3491 tributum.
