2264 3786
90 187 152 250 260
285 178 289 189 “
409 186 453 247 Μ.
471 184 562 259 VAL.
578 181 803 256 MAR'llALlS

555 385 660 450 xvnr.
743 366 773 389 '¹
895 443 899 452 .

78 520 80 525 ’
175 500 319 577 Donasti,
338 499 442 578 Lupe,
463 517 517 558 rus
531 499 585 557 rub
601 500 679 558 urbe
693 500 800 573 nobis3
821 527 825 553 -.

175 583 238 644 Sed
251 603 303 643 rus
317 590 365 643 est
378 583 453 643 mihi
466 583 561 642 maius
575 583 607 642 in
622 583 769 644 fenestra.

175 666 237 728 llus
251 669 310 728 hoc
326 666 449 744 dicere,
467 686 520 726 rus
533 673 623 746 potes
637 667 769 726 vocare?

175 753 209 812 ln
226 771 285 832 quo
299 759 368 811 ruta
381 751 456 810 iacit
468 769 575 811 nemus
589 752 719 829 Dia-nae,

154 837 312 914 ohrgutae
330 837 408 912 tegit
422 834 469 894 ala
485 833 566 913 quod
581 834 718 913 cicadae,

174 919 265 996 Quod
277 919 405 978 formica
419 918 470 978 die
486 917 620 979 comedit
633 938 710 997 uno,

178 1003 290 1065 Clusae
305 1003 354 1062 cui
367 1002 474 1063 folium
488 1020 577 1062 rosae
593 1022 706 1062 corona
721 1010 785 1078 est;

175 1089 210 1147 ln
225 1106 283 1165 quo
298 1105 360 1146 non
376 1087 470 1164 magis
483 1079 637 1145 invenitur
651 1087 764 1165 herba,

176 1173 271 1248 Quam
286 1168 389 1230 Cosmi
402 1168 510 1229 folium
522 1171 651 1250 piperve
667 1169 810 1247 crudumc

28 1284 31 1288 ·
136 1255 209 1318 101u
222 1274 281 1334 quo
295 1273 353 1314 nec
369 1255 501 1315 cucumis
516 1255 618 1315 iacere
632 1261 752 1333 rectus,

176 1338 241 1399 Nec
256 1357 386 1419 serpens
398 1339 539 1399 habitare
553 1344 619 1398 tota
631 1341 746 1419 possit,

176 1425 307 1485 Erucam
321 1422 400 1483 male
414 1423 514 1503 pascit
527 1423 635 1482 hortus
649 1442 753 1501 unam,

178 1509 363 1588 Consumpto
378 1509 508 1569 moritur
522 1505 612 1567 culex
626 1507 751 1586 salicto,

179 1593 221 1652 Et
233 1591 318 1672 talpa
331 1597 379 1652 est
391 1592 467 1653 mihi
480 1591 582 1651 fossor
597 1597 688 1669 atque
704 1598 814 1654 arator
904 1662 906 1666 ,

137 1676 245 1737 15Nou
259 1675 381 1737 boletus
394 1678 498 1755 hiare,
519 1693 582 1736 nou
595 1676 778 1740 mariscae

177 1760 293 1820 Ridere
308 1767 358 1821 aut
370 1759 469 1821 uiolae
483 1766 591 1840 patero
605 1767 766 1857 possunt
845 1805 847 1808 >

178 1845 273 1905 Fines
286 1865 352 1905 mus
366 1844 531 1926 populatur
546 1851 579 1905 et
592 1833 749 1904 colono

180 1927 336 2008 'lanquam
351 1949 402 1990 sus
417 1927 602 2008 Calydonius
616 1929 759 2006 timetur,

178 2013 219 2072 lot
234 2012 352 2072 sublata
365 2011 493 2073 volantis
508 2030 608 2101 ungue
622 2013 760 2091 Prognes

136 2096 212 2158 201u
225 2094 298 2155 nido
313 2115 402 2174 seges
417 2104 465 2156 est
477 2088 692 2170 hirundinino,
777 2136 779 2141 ι

179 2180 220 2240 Et
236 2199 303 2241 cum
319 2187 381 2241 stet
395 2181 461 2240 sine
476 2179 557 2240 falce
572 2142 728 2260 mentulaq
731 2200 785 2256 ue,

178 2264 247 2325 Nou
262 2270 310 2324 est
325 2260 453 2329 dimidio‘
464 2264 550 2325 locus
565 2263 688 2344 Priapo

178 2349 246 2411 Vix
253 2349 363 2429 implet
377 2348 533 2410 cochleam
549 2355 676 2428 peracta
689 2351 798 2410 messis
864 2384 867 2389 =

110 2445 116 2457 ’
177 2433 219 2492 Et
233 2440 364 2495 mustum
369 2428 456 2496 nu'ce
471 2432 629 2494 condimus
643 2435 751 2515 picata.

137 2518 311 2596 isllrrasti,
330 2519 432 2600 Lupe,
452 2517 560 2579 littera
574 2516 630 2578 aed
644 2538 713 2582 una

179 2602 253 2660 Nam
268 2622 326 2681 quo
340 2610 482 2684 ternpore
494 2604 655 2684 praedium
669 2602 799 2679 dedisti,

96 2764 99 2769 ι
179 2683 305 2745 Mallem
319 2694 354 2747 tu
367 2687 616 2769 mihiprandium
631 2687 778 2748 dedisses.
843 2680 848 2693 '

571 2821 650 2885 XIX.

181 2933 325 3011 Quaeris,
348 2953 402 2993 cur
416 2930 513 2994 nolim
526 2941 559 2994 te
573 2933 705 3010 ducere,
726 2933 836 2994 Galla?
863 2935 990 2997 Diserta
1004 2956 1049 2998 es,

224 3016 323 3098 Saepe
338 3017 552 3079 soloecismum
569 3018 704 3109 mentula
719 3025 825 3078 nostra
838 3018 922 3081 lacit.

578 3152 645 3214 XX.

103 3265 108 3283 ¹
178 3229 321 3325 ¹(laesuris
338 3264 466 3343 Augusti
480 3262 625 3341 lascivos,
646 3264 755 3343 livide,
775 3283 881 3325 versus

213 3349 279 3410 Ser
291 3347 384 3430 lege,
405 3350 460 3428 qui
472 3351 574 3412 tristis
585 3350 683 3410 arrha
693 3348 897 3425 latinalcgis:

159 3434 264 3510 Quod
269 3437 381 3515 futuit
397 3436 592 3522 Glaphyran
611 3435 771 3499 Antonias
781 3474 794 3510 ,
803 3431 887 3489 hunc
898 3417 977 3488 mihi
986 3450 1078 3506 poeno
