2264 3786
89 193 131 256 oa
408 192 794 272 uvanmanrnns

564 395 644 455 XIX.

105 574 107 579 ,
170 506 312 567 Proxima
327 510 466 568 centenis
481 507 654 568 ostenditur
667 527 738 567 ursa
752 504 920 586 columnis,

213 590 370 650 Exornant
384 593 475 651 fictae
491 611 548 670 qua
560 589 724 671 platanona
735 591 831 651 ferae.

171 675 269 737 Huius
283 672 353 739 dum
367 673 486 754 patulos
501 672 640 735 alludens
657 680 787 754 temptat
799 674 901 734 hiatus

212 757 345 818 Pulcher
359 757 473 836 Hylas,
494 766 632 818 teneram
646 758 800 818 mersit-in
816 776 870 818 ora
884 756 1015 831 manan

149 836 285 920 5Vipera
298 841 355 900 sed
369 860 459 901 caeco
475 840 626 902 scelerata
638 838 754 901 latebat
767 843 800 900 in
814 859 886 900 aere

211 925 401 1002 Vivebatque
417 925 514 983 anbna
528 923 683 984 deteriore
698 925 774 985 fera.

98 1044 103 1051 -
145 1033 149 1042 ¹
170 1008 238 1066 Non
252 1008 348 1066 sensit
363 1025 440 1085 puer
455 1025 523 1066 esse
538 1006 641 1083 dolos,
661 1009 721 1068 uisi
735 1007 828 1067 dente
842 1013 987 1087 recepto,

211 1091 289 1149 Dum
302 1091 401 1169 perit:
424 1110 441 1149 o
457 1091 590 1168 facinus,
607 1089 684 1151 falsa
699 1088 780 1171 quod
795 1110 868 1150 ursa
881 1090 955 1161 fuit!

569 1224 637 1289 XX.

170 1335 242 1412 Dic,
264 1335 368 1413 Musa,
391 1336 465 1415 qnid
478 1342 547 1416 agat
560 1338 672 1398 Gauius
685 1356 770 1397 meus
784 1336 896 1397 Rufus:

169 1418 318 1480 Utrumne
337 1421 451 1480 chartis
465 1421 560 1480 tradit
575 1421 630 1481 ille
645 1423 770 1480 victurio

169 1501 314 1580 Legenda
329 1508 499 1583 temporum
516 1510 582 1563 acta
596 1503 851 1564 Claudianorum?

169 1585 218 1643 An
235 1603 311 1664 quae
324 1586 439 1645 Neroni
454 1586 547 1646 falsus
562 1589 672 1647 astruit
686 1588 840 1666 scriptor?

147 1669 219 1730 bdn
234 1667 402 1744 aemulatur
415 1671 547 1749 improbi
560 1672 644 1731 iocos
658 1669 815 1730 Phaedri?

169 1752 311 1813 Lascivus
326 1752 423 1832 elegis
439 1774 476 1812 an
490 1773 614 1814 severus
624 1753 757 1820 herois?

168 1837 217 1895 An
231 1837 263 1896 in
278 1838 435 1897 cothurnis
448 1838 592 1898 horridus
606 1835 809 1919 Sophocleis?

29 1987 40 1992 g
167 1921 217 1979 An
232 1921 347 1980 otiosus
362 1922 394 1980 in
408 1920 514 1980 schola
525 1928 685 2001 poetarum

166 2001 288 2082 Lepore
303 2004 415 2063 tinctos
429 2005 533 2064 Attico
548 2003 628 2064 sales
642 2002 768 2063 narrat?

126 2087 245 2148 10Hinc
260 2087 286 2145 si
300 2087 447 2163 recessit,
468 2087 620 2165 porticum
633 2087 709 2146 terit
722 2083 831 2164 templi

71 2222 78 2233 ,
166 2170 215 2227 An
230 2170 326 2247 spatia
341 2170 439 2249 carpit
453 2168 556 2229 lentus
569 2170 834 2248 Argonautarum?

167 2253 215 2310 An
231 2248 382 2312 delicatae
397 2252 462 2313 sole
477 2272 583 2313 rursus
596 2254 738 2333 Europae

167 2336 251 2395 luter
264 2343 407 2417 tepentes
421 2342 492 2416 post
510 2336 669 2397 meridiem
684 2338 780 2397 buxos

168 2419 263 2480 Sedet
279 2421 447 2482 ambulatve
461 2419 543 2481 liber
559 2423 678 2482 acribus
693 2419 797 2480 curis?

126 2503 271 2564 lb'l'itine
285 2505 414 2565 thermis
429 2526 467 2566 an
481 2504 599 2565 lavatur
612 2505 768 2585 Agrippae

57 2583 60 2587 ’
166 2588 215 2647 An
229 2587 375 2667 impudici
388 2588 499 2650 balneo
514 2589 676 2668 Tigillini?

167 2671 216 2728 An
231 2689 304 2730 rnre
320 2671 407 2730 Tulli
420 2673 534 2732 fruitur
549 2681 641 2751 atque
655 2671 792 2733 Lucani?

167 2754 215 2811 An
230 2752 367 2813 Polionis
382 2754 471 2815 dulce
486 2757 582 2815 currit
596 2755 635 2815 ad
650 2754 812 2833 quartum?

167 2837 215 2895 An
233 2832 407 2897 aestuantes
420 2838 478 2897 iam
492 2838 650 2918 proiectus
665 2837 703 2897 ad
717 2839 805 2897 haias

126 2919 258 2997 20Piger
271 2920 403 2980 Lucrino
418 2918 597 2981 nauculatur
610 2922 643 2979 in
657 2920 787 2999 stagno?

167 3003 245 3081 „Vis
259 3004 340 3063 scire
354 3003 427 3085 qnid
443 3011 510 3083 agat
524 3005 636 3065 Canius
650 3005 742 3063 tuns?
769 3004 893 3066 Ridet.“

562 3137 642 3203 xxi.

17 3314 20 3321 ¹
77 3294 80 3307 ..
167 3248 377 3329 Proscriptum
391 3248 521 3309 famulus
536 3250 667 3310 servavit
681 3224 785 3309 fronte
802 3229 913 3310 notata.
977 3303 980 3307 .

206 3333 275 3392 Non
289 3333 348 3394 fuit
362 3334 438 3394 haec
453 3333 567 3394 domini
582 3334 658 3411 vita,
679 3331 736 3393 sed
749 3332 870 3394 invidia.
