2264 3786
52 118 58 129 ’
91 156 131 220 se
324 108 328 113 ’
407 157 800 222 numunianum

98 320 100 331 '
175 314 262 374 Hanc
277 319 367 393 pete,
389 330 448 372 nec
463 318 584 372 metuas
594 312 690 373 fastus
705 311 861 392 limenque
877 317 1058 395 superbum:

166 428 169 431 ·
215 395 307 456 Nulla
326 397 421 475 magia
437 402 503 455 toto
517 398 607 460 ianua
619 402 709 476 poste
722 402 825 476 patet,

134 481 238 542 15Nec
250 480 378 561 propior
394 499 483 558 quam
496 479 640 539 Phoebus
658 486 738 539 amet
752 478 924 558 doctaeque
937 501 1069 547 sorores.

216 564 249 623 Si
265 562 348 633 dicet
360 564 484 640 „Quare
497 581 560 622 non
573 570 674 631 tamen
688 564 755 642 ipse
768 564 896 622 venit‘l“

174 647 225 706 Sic
238 645 314 707 licet
328 654 440 707 excuse
467 648 566 725 „Quia
578 646 797 726 qualiacunque
810 645 956 724 leguntur

214 731 291 808 lsta,
315 728 462 791 salutator
477 732 615 790 scribere
627 749 689 790 non
702 729 835 823 potuit.“
857 806 860 817 Ι
946 756 949 761 ’
1010 756 1017 767 ν’

555 883 660 947 LXXI.

175 1014 285 1074 Laevia
299 1031 353 1072 sex
368 1015 502 1093 cyathis,
524 1020 641 1092 septem
655 1013 769 1074 Iustina
783 1015 920 1089 bibatur,

217 1098 357 1176 Quinque
373 1097 486 1176 Lycas,
508 1096 594 1174 Lyde
609 1103 767 1175 quattuor,
789 1096 841 1156 Ida
854 1099 963 1161 tribus.

100 1231 103 1235 ,
175 1180 279 1240 Omnis
297 1182 333 1239 ab
349 1181 449 1240 inluso
463 1187 641 1241 numeretur
658 1182 752 1240 amica
765 1179 914 1258 Falerno,

216 1265 257 1324 Et
272 1265 341 1342 quia
355 1263 439 1324 nulla
452 1265 551 1342 venit,
573 1269 608 1322 tu
621 1265 711 1342 mihi,
734 1265 863 1342 Somne,
883 1266 962 1324 veni.

547 1427 665 1489 LXXII.
730 1417 734 1421 ⁴

174 1554 295 1614 Nostris
309 1556 447 1615 versibus
463 1574 532 1616 esse
546 1563 578 1616 te
591 1564 728 1635 poetam,

100 1668 108 1687 ι
174 1638 355 1715 Fidentine,
376 1647 465 1719 putas
484 1641 629 1719 cupisque
645 1639 753 1699 credi?

176 1721 227 1781 Sic
242 1721 364 1782 dentata
381 1724 441 1782 sibi
454 1718 576 1782 videtur
595 1721 693 1802 Aegle

174 1805 292 1886 Emptis
307 1807 424 1866 ossibus
439 1806 603 1885 Indicoque
619 1826 728 1880 cornu3

55 1941 58 1954 ‚
153 1889 227 1948 esic
242 1909 318 1968 quae
332 1892 450 1968 nigrior
463 1897 511 1951 est
525 1890 653 1951 cadente
666 1910 769 1966 moro,

177 1973 340 2032 Cerussata
355 1975 413 2032 sibi
426 1972 680 2053 placetRLycoris.

173 2056 239 2114 Hac
256 2063 288 2114 et
302 2063 336 2114 tu
349 2057 469 2115 ratione
485 2077 543 2134 qua
556 2064 648 2135 poeta
662 2075 712 2134 es,

174 2137 284 2198 Calvus
299 2157 366 2198 cum
378 2138 490 2216 fueris,
513 2141 574 2198 eris
590 2146 733 2202 comatus.

420 2356 423 2361 ,
540 2287 671 2348 nxxru.

173 2410 283 2472 Nullus
295 2413 328 2472 in
344 2414 421 2473 urbe
435 2414 495 2474 fuit
509 2420 574 2474 tota
588 2415 640 2493 qui
655 2399 783 2492 tanger'e
797 2412 891 2473 vellet

215 2497 348 2558 Uxorem
362 2498 473 2576 gratis,
496 2496 686 2576 caeciliane,
708 2504 805 2574 tuam,

176 2580 252 2640 Dum
266 2579 368 2640 licuit:
384 2581 439 2642 sed
453 2602 533 2642 nunc
547 2584 656 2663 positis
671 2581 846 2642 custodibus
860 2583 967 2660 ingens

99 2741 105 2749 ι
216 2664 320 2724 Turba
334 2664 503 2727 fututorum
517 2673 582 2727 cst:
602 2667 778 2745 ingeniosus
792 2666 882 2725 bomo
898 2684 940 2725 es.

530 2813 666 2876 LXXIV.

173 2939 322 2998 Moechus
337 2944 419 2998 erat:
433 2944 556 3019 poteras
571 2941 674 2998 tamen
688 2939 746 2998 hoc
760 2944 810 3018 tu,
824 2939 935 3019 Paula,
953 2914 1075 3020 negare.
1092 2965 1095 2971 ·

215 3023 296 3095 Ecce
310 3023 356 3082 vir
373 3029 434 3082 est:
455 3020 618 3100 numquid,
638 3020 749 3100 Paula,
770 3042 883 3103 negare
897 3026 1009 3107 potes?

517 3164 520 3169 ’
544 3168 665 3231 LXXV.

142 3374 144 3383 Ι
173 3301 337 3383 Dimidium
352 3299 466 3360 donare
480 3300 557 3360 Lino
574 3321 661 3379 quam
677 3299 807 3377 credere
820 3307 916 3362 totum

45 3460 47 3467 Ι
216 3386 274 3462 Qui
290 3385 417 3463 mavolt,
439 3382 549 3445 mavolt
562 3381 696 3464 perdere
711 3384 876 3444 dimidium.
