2264 3786
89 172 129 238 72

386 174 396 187 ““
405 173 450 235 Μ.
464 173 555 236 VAL.
572 167 796 235 Maenianis

359 367 361 370 ’
486 350 647 438 ‘nvu
767 370 772 386 ¹

125 454 130 459 ”
172 482 308 548 Callidus
322 485 467 566 imposuit
479 506 579 568 nuper
592 489 666 549 milri
681 448 958 567 capaltaveamer
984 464 986 469 Ι
1041 445 1044 449 ¹

213 570 289 632 (ium
305 576 444 652 peterem
458 571 598 650 mixtum,
618 569 758 632 vendidit
770 569 827 632 ille
842 590 969 634 merum.

544 704 647 767 LVlll.

171 816 282 877 Baiana
297 818 395 879 nostri
411 817 499 895 villa,
520 819 629 896 Basse,
647 818 785 881 Faustini

170 899 238 960 Non
254 902 359 961 otiosis
373 900 514 962 ordinata
531 903 672 980 myrtetis

170 981 331 1063 Viduaque
344 981 468 1064 platano
482 983 650 1063 tonsilique
663 986 785 1047 buxeto,
850 1018 854 1031 ι

169 1065 289 1143 ingrata
303 1065 359 1127 lati
372 1069 469 1147 spatia
482 1067 602 1128 detinet
616 1069 728 1148 campi,

148 1148 235 1210 bsed
249 1169 321 1210 rure
334 1169 406 1210 vero
422 1152 613 1231 barbaroque
625 1151 766 1216 laetatur.

169 1232 230 1292 llic
244 1233 324 1293 farta
338 1235 488 1314 premitur
500 1234 609 1314 angulo
628 1237 725 1296 Oeres
742 1238 823 1296 omni

169 1316 211 1378 Et
225 1314 320 1376 multa
335 1318 452 1396 fragrat
466 1324 546 1379 terta
560 1320 684 1379 senibus
698 1320 877 1383 auctumnis.

169 1399 229 1459 Hic
243 1407 313 1480 post
328 1401 516 1463 Novembres
530 1403 707 1463 imminente
721 1404 780 1464 lam
793 1405 900 1465 bruma
1021 1458 1034 1463 -

36 1518 39 1523 >
61 1543 69 1554 ,
170 1482 262 1544 Seras
276 1491 400 1565 putator
412 1485 556 1547 horridus
566 1488 667 1547 refert
678 1505 766 1546 uvas:

128 1567 288 1630 10Trnces
303 1566 336 1627 in
351 1568 411 1629 alta
424 1567 504 1630 valle
517 1571 655 1648 mugiunt
668 1571 748 1630 tauri

168 1650 352 1731 Vitulusque
366 1654 477 1713 inermi
487 1653 592 1715 fronte
605 1655 707 1734 prurit
719 1655 752 1713 in
764 1671 905 1733 pugnam.

168 1733 304 1814 Vagatur
318 1738 417 1796 omnis
430 1738 521 1796 turba
535 1737 677 1797 sordidae
693 1737 824 1812 chortis,

168 1819 302 1897 Argutus
318 1839 408 1879 anser
422 1823 613 1901 gemmeique
626 1839 760 1901 pavones

40 1928 43 1946 =
168 1901 347 1983 Nomenque
361 1903 456 1964 debet
470 1923 548 1983 quae
563 1906 744 1965 rubentibus
756 1903 864 1984 pinnis·
885 1928 888 1933 ’

128 1986 208 2046 15Et
221 1988 302 2065 picta
316 1987 425 2066 perdix
439 1987 677 2066 Numidicaeque
692 1993 828 2064 guttatae
882 1997 883 2001 ’
976 1981 983 2043 ζ

168 2070 210 2128 Et
222 2071 382 2149 impiorum
396 2072 541 2150 phasiana
555 2070 755 2144 Colchorum
886 2096 888 2101 ·

168 2151 303 2212 Rhodias
318 2155 443 2232 superbi
461 2155 591 2214 feminas
604 2159 749 2234 premunt
762 2151 834 2232 galli

60 2270 65 2283 ι
169 2235 346 2315 Sonantque
362 2244 466 2298 turres
480 2236 636 2316 plausibus
651 2235 879 2311 columbarum
952 2247 957 2259 '

169 2320 273 2380 Gemit
286 2321 357 2388 hinc
372 2321 546 2401 palumbus,
567 2321 640 2381 inde
655 2339 765 2380 cereus
778 2327 898 2398 turtur,

128 2404 418 2481 torisidi—secuntur
431 2403 540 2465 vilicae
555 2405 654 2465 sinum
667 2405 754 2485 porci
979 2462 982 2467 .

169 2488 363 2567 Matremque
378 2487 501 2569 plenam
514 2487 617 2551 mollis
632 2507 725 2568 agnus
737 2492 886 2566 expectat.
912 2506 915 2513 ·

169 2571 303 2649 Cingunt
317 2590 460 2631 serenum
473 2570 567 2633 lactei
581 2572 682 2633 iocum
695 2588 808 2632 vernae

166 2655 208 2715 Et
222 2654 307 2732 larga
319 2655 417 2714 festos
431 2655 515 2715 lucet
528 2656 567 2714 ad
581 2656 663 2717 lares
677 2656 761 2715 silva.

168 2737 236 2796 Non
252 2739 354 2814 segnis
371 2737 440 2796 albo
455 2736 554 2817 pallet
573 2741 635 2798 otio
652 2757 747 2818 copo,

127 2818 231 2884 25Nec
248 2817 353 2899 perdit
371 2819 471 2879 oleum
487 2819 624 2880 lubricus
641 2820 835 2900 palaestrita,

169 2902 232 2963 Sed
246 2901 348 2962 tendit
360 2902 454 2963 avidis
469 2910 537 2962 rete
553 2899 714 2963 subdolum
728 2900 827 2961 turdis
856 2914 862 2923 “

169 2984 353 3047 Tremulave
367 2993 488 3067 captum
501 2985 583 3047 linea
596 2987 693 3046 trahit
708 2987 839 3065 piscem,

168 3072 230 3130 Ant
244 3070 422 3152 impeditam
437 3071 572 3130 cassibus
586 3070 687 3131 refert
704 3069 859 3129 dammam.

167 3155 302 3217 Exercet
315 3153 435 3219 hilares,
446 3153 546 3214 facilis
558 3156 666 3215 hortus
680 3154 813 3213 urbanos

126 3239 207 3302 solet
219 3238 395 3320 paedagogo
407 3257 469 3297 non
484 3238 610 3297 iubente
623 3236 730 3297 lascivi

169 3323 285 3383 Parere
299 3323 432 3402 gaudent
445 3320 535 3381 vilico
552 3320 702 3401 capillati,

169 3408 211 3469 Et
226 3405 375 3469 delicatus
389 3414 484 3488 opere
498 3405 613 3466 fruitur
629 3403 797 3465 eunuchus
