2264 3786
98 220 157 287 138
412 222 456 285 Μ.
470 221 562 286 VAL.
577 219 800 282 MARTIALIS
923 265 925 272 .

181 375 327 436 Omnibus
343 373 477 450 arrides,
499 371 627 432 dicteria
640 370 717 431 dicia
731 373 763 431 iu
777 390 899 446 omnea3
997 396 1001 404 ·

222 458 273 517 Sic
288 464 320 516 te
335 459 486 515 convivam
499 474 589 534 posse
602 453 726 535 plaeere
739 461 836 534 putas·

160 542 224 601 ant
238 541 265 598 si
282 556 339 618 ego
353 558 414 598 non
427 537 525 616 belle,
546 537 603 598 sed
615 556 689 598 vere
704 536 810 597 dixero
825 537 986 616 quiddam,

221 621 316 683 Nemo
330 623 519 703 propinabit,
541 620 730 699 Galliadcre,
747 622 813 682 tibi
910 650 913 654 >

562 752 655 817 XLV.

125 927 128 934 ,
180 868 326 944 Lusistis‚
347 867 420 926 satia
434 871 498 925 cst:
518 865 622 925 lascivi
638 866 744 925 nubite
758 865 864 923 cunni:
933 861 945 869 ’

224 951 376 1010 Permissa
390 954 438 1008 est
451 949 539 1007 uobis
552 964 614 1007 non
630 949 691 1007 nisi
705 953 789 1007 casta
799 947 915 1009 Venus.

94 1054 104 1060 “
181 1034 266 1092 Haec
280 1039 328 1092 est
343 1036 425 1091 casta
438 1030 565 1092 Venus?
583 1031 671 1090 nubit
683 1031 825 1090 Laetoria
840 1029 964 1109 Lygdus
991 1104 995 1114 ⁹

223 1115 357 1196 Turpius
370 1133 446 1174 uxur
460 1114 536 1192 erit,
556 1133 644 1192 quam
658 1112 747 1175 mado
761 1113 887 1174 moecha
900 1113 968 1174 luit.
1018 1147 1026 1161 ·

512 1233 513 1236 ¹
555 1246 660 1310 XLVI.

182 1359 313 1439 Vapulat
328 1357 446 1419 assidue
459 1359 562 1419 veneti
576 1355 721 1435 quadriga
734 1353 872 1434 flagella,

223 1444 287 1504 Nec
302 1444 412 1503 currit:
430 1461 565 1521 magnam
579 1458 660 1518 rem,
681 1441 825 1518 Catiane,
845 1440 929 1502 iacis.

551 1572 687 1649 xnvss„
767 1558 769 1563 ¹

181 1690 334 1769 Nympha,
346 1691 415 1749 *mei
430 1687 545 1750 Stellae
561 1706 637 1766 quae
650 1689 737 1748 fonte
752 1685 918 1749 domestica
930 1706 1006 1768 pura

224 1774 348 1833 Laberis
362 1779 396 1832 et
409 1772 523 1833 domini
536 1789 672 1850 gemmea
684 1775 767 1830 tecta
780 1771 883 1848 subls5

116 1910 118 1917 ,
184 1857 255 1917 Sive
269 1857 382 1916 Numae
397 1858 526 1916 coniunx
541 1855 664 1916 'fririae
677 1860 710 1913 te
724 1855 807 1913 misit
821 1855 858 1912 ab
872 1855 984 1931 antris,

227 1940 297 1999 Sive
311 1941 509 1999 Camenarum
523 1936 562 1997 de
577 1956 670 2017 grege
684 1955 763 1996 nana
775 1937 875 1996 veum:

163 2020 307 2084 5Exolvit
319 2023 397 2080 votis
410 2022 467 2081 hac
480 2039 514 2081 ae
529 2022 590 2095 tibi
599 2021 716 2097 virgine
730 2039 824 2099 porca
866 2066 876 2086 a
939 2058 943 2067 ·

224 2105 363 2180 Marcus,
384 2103 524 2163 furtivam
539 2102 620 2182 quod
633 2103 712 2165 bibit
728 2121 819 2181 aeger
835 2122 959 2182 aquam:

184 2189 232 2247 Tu
247 2191 391 2246 contenta
403 2204 471 2245 meu
485 2188 543 2246 iam
560 2188 686 2245 crimine
700 2185 807 2264 gaudia
820 2186 916 2247 fontia

225 2271 269 2330 lia
283 2288 390 2330 secura
407 2269 467 2329 tui:
490 2270 530 2330 sit
543 2270 617 2329 mihi
631 2289 703 2329 sana
717 2270 791 2331 sitis.

541 2402 671 2464 xlviii.

107 2497 111 2509 ¹
184 2513 272 2591 Quod
285 2519 346 2575 tam
360 2513 475 2595 grande
491 2515 603 2595 sophos
617 2512 726 2575 clamat
739 2514 796 2574 tibi
809 2516 900 2576 turba
913 2490 1030 2595 topia,

225 2596 293 2657 Non
306 2605 355 2678 tu,
376 2599 540 2679 Pomponi,
562 2616 637 2658 cena
650 2597 768 2674 diserta
776 2604 828 2658 ina
842 2603 900 2662 est
940 2636 942 2641 ·

561 2744 663 2805 XLIX.

184 2857 253 2918 Nou
266 2876 330 2918 sum
346 2856 384 2917 dc
398 2855 500 2935 fragili
514 2855 634 2917 dolatus
648 2856 746 2936 ulmo,

183 2942 247 3001 Ncc
263 2959 338 3019 qnae
352 2946 413 2999 stat
426 2939 525 3016 rigida
539 2940 645 3019 supina
657 2958 749 3017 vena,

182 3025 228 3083 De
243 3023 325 3102 ligna
338 3023 413 3082 mihi
427 3022 564 3101 quolibet
577 3021 714 3083 columna
727 3029 792 3102 est,

184 3106 246 3166 Sed
258 3108 323 3166 viva
338 3111 482 3184 generata
496 3102 535 3163 de
550 3123 710 3185 cupressu:

162 3188 269 3266 aquae
284 3207 341 3248 nec
355 3186 473 3248 saecula
487 3189 624 3247 centiens
637 3195 777 3269 peracta,

184 3274 248 3332 Nec
261 3271 370 3352 longae
385 3271 496 3341 cariem
509 3271 598 3330 timet
612 3278 763 3335 senectae.

185 3357 271 3415 Hanc
284 3363 334 3434 iu,
357 3355 491 3434 quisquis
506 3372 556 3432 es,
578 3353 721 3432 amalus,
742 3357 857 3417 timeto.
963 3362 1006 3416 ’τιν

64 3472 106 3552 -ι
186 3439 260 3499 Nam
274 3441 301 3498 si
313 3437 363 3499 vel
377 3439 515 3498 minimus
529 3457 618 3499 manu
631 3440 733 3519 rapaci
777 3480 780 3487 ·
