2264 3786
90 183 153 255 ιιι
408 191 453 254 ιι.
467 189 559 253 vnn.
574 140 798 253 minumus
850 233 854 241 ,
975 253 979 263 ,

174 338 237 403 Sed
250 342 328 402 flens
343 346 435 420 atque
449 359 574 420 gemens
586 340 666 401 tanti
679 345 773 418 negat
785 357 855 400 erse
872 339 1007 406 sulutem

80 454 87 463 ·
217 426 318 504 Seque
335 426 436 496 refert
448 425 550 504 potius
563 426 762 504 proposuisse
775 425 864 488 mori.

104 510 232 572 5Vir
244 512 348 587 rogat,
370 515 405 572 ut
417 509 497 568 vivat
510 506 624 568 virides
638 526 697 568 nec
714 506 838 568 deserat
851 527 968 590 annos,
1047 512 1050 521 ’

213 594 255 654 nt
268 593 339 652 fieri
353 590 458 673 qnod
448 611 508 652 ram
521 610 583 650 non
596 592 693 651 facit'
683 608 751 671 rpse
766 592 850 653 sinit.

171 677 316 737 Protinus
330 674 480 737 accedunt
492 673 604 735 medici
614 673 812 754 medicaeque
827 675 1000 759 recedunt,

218 757 449 839 Tollunturque
464 757 571 840 pedes
605 759 631 817 0
647 757 799 836 medicina
812 761 930 839 gravis!

547 891 666 953 LXXII.

172 1006 284 1067 Drauci
295 1005 387 1066 Natta
400 1006 447 1067 sul
461 1009 549 1063 vocat
558 1004 735 1083 pipinnam,

172 1087 311 1150 Collatus
325 1090 374 1148 cn'i
389 1085 495 1149 Gallus
510 1091 559 1147 est
572 1086 710 1167 Priapus.
826 1124 830 1132 ·

501 1301 503 1305 Ι
539 1219 671 1288 nxxnr.

173 1333 346 1396 Venturum
359 1337 443 1396 iuras
457 1354 580 1416 semper
594 1336 685 1412 mihi,
702 1333 827 1416 Lygde,
847 1339 974 1414 roganti
1066 1406 1070 1410 Α

214 1418 445 1498 Constituisque
458 1420 565 1479 horam
580 1417 800 1519 constituisque
815 1417 930 1482 locum.

77 1495 83 1507 “
113 1534 117 1552 ι
174 1502 250 1562 Cum
263 1501 380 1564 frustra
393 1505 473 1564 iacui
488 1501 580 1582 longa
592 1503 750 1583 prurigine
764 1509 886 1582 tentus,

213 1585 375 1646 Succurrit
389 1602 447 1667 pro
460 1593 493 1648 te
508 1605 601 1669 saepe
615 1587 739 1656 sinistra
752 1587 836 1648 mihi.

157 1667 261 1746 5Quid
274 1687 402 1750 precer,
424 1690 441 1730 o
456 1669 564 1749 fallen,
584 1671 703 1730 meritis
718 1676 758 1730 et
765 1673 900 1731 moribus
915 1672 1013 1731 istis?

214 1751 389 1815 Umbellam
402 1753 524 1834 lusere,
543 1752 666 1833 lygdc,
686 1753 770 1814 ieras
783 1755 937 1816 dominae.

537 1885 673 1950 uxxrv.
782 1964 783 1971 q

173 1999 347 2063 Curandum
362 2017 474 2081 penem
488 2001 639 2061 commisit
652 2001 784 2060 Baccara
796 2000 940 2061 Graecus

214 2083 456 2164 Rivalimedico.
482 2085 615 2145 Baccara
629 2083 735 2145 Gallus
749 2084 818 2145 erit.

311 2206 314 2219 '
433 2237 435 2240 ⁴
512 2196 666 2280 'nxxu

76 2322 79 2329 ’
176 2331 281 2391 Theca
294 2336 395 2390 tectus
410 2332 527 2394 ahenea
538 2329 657 2392 lavatur

174 2413 306 2494 Tecum,
327 2413 450 2493 Caelia,
472 2435 596 2492 serrus;
615 2409 753 2493 utquid,
776 2431 847 2490 oro,
970 2409 980 2421 ”

77 2557 79 2561 ,
173 2498 242 2558 Non
256 2499 296 2559 sit
313 2518 381 2559 cum
395 2499 590 2576 citharoedus
605 2503 656 2559 aut
670 2494 857 2560 choraules?

172 2581 241 2641 Non
253 2582 316 2658 vis,
336 2588 371 2645 ut
383 2589 475 2663 puto,
496 2583 660 2644 mentulam
675 2579 791 2642 videre

152 2665 275 2741 5Quare
290 2685 357 2726 cum
370 2665 485 2747 populo
502 2666 612 2728 lavaris
627 2665 725 2744 ergo?

125 2749 287 2809 Omnes
303 2768 339 2808 an
354 2751 411 2809 tibi
426 2770 482 2811 nos
496 2771 597 2812 sumus
612 2748 787 2831 spadones?

173 2832 273 2911 Ergo,
293 2850 333 2892 ne
347 2830 479 2893 videaris
493 2834 649 2912 invidere,

175 2915 286 2994 Servo,
307 2915 430 2996 Caelia,
448 2915 572 2979 fibulam
587 2918 722 2981 remitte
824 2915 837 2920 ”

539 3052 673 3117 LXXVI.

176 3159 320 3238 Solvere,
341 3161 454 3241 Paete,
476 3161 583 3223 decem
600 3165 657 3224 tibi
671 3181 720 3223 me
734 3164 880 3223 sestertia
895 3165 1000 3243 cogis,

213 3244 392 3306 Perdiderit
407 3248 547 3325 qnoniam
561 3247 661 3321 Bucco
677 3245 808 3307 ducenta
820 3249 888 3307 tibi.

168 3327 219 3388 Nc
230 3335 379 3410 noceant,
401 3349 473 3408 oro,
493 3330 568 3390 mihi
581 3348 642 3391 non
656 3349 723 3391 mea
738 3331 880 3396 crimina
902 3338 938 3391 tu
935 3334 1012 3427 qni

203 3413 261 3478 Bis
275 3422 412 3480 centena
428 3423 523 3501 potes
535 3413 694 3499 perdere,
709 3411 812 3494 perde
825 3407 946 3476 desem
