2264 3786
72 199 150 266 ιιι
205 173 210 181 ’
405 204 555 268 nona.
571 203 821 304 nanninus,
883 153 885 163 Α

166 519 329 580 Fastorum
342 521 464 598 genitor
477 530 650 601 parensque
666 520 754 582 lanus

168 603 327 663 Victorem
340 603 429 664 modo
448 624 516 665 cum
528 603 650 664 videret
663 604 779 683 Histri,

138 726 141 731 ,
169 686 232 745 Tot
244 685 345 747 voltus
359 688 418 747 sibi
431 708 492 747 non
507 689 580 748 satis
594 689 711 768 putavit

169 770 355 850 Optavitque
370 771 473 832 oculos
487 773 602 832 habere
618 771 738 852 plures:

146 853 210 914 alic
222 852 325 932 lingua
336 856 454 934 pariter
468 854 587 915 locutus
601 855 683 915 omni

169 936 336 997 Terrarum
352 937 473 996 domino
488 937 608 1017 deoque
624 957 727 999 rerum

165 1021 311 1079 Promisit
325 1018 443 1098 Pyliam
458 1027 566 1099 quater
581 1027 744 1081 senectam.

166 1102 286 1182 Addat,
306 1102 377 1164 lane
390 1110 497 1184 pater,
517 1111 600 1165 tuam
614 1124 762 1184 rogamus.

572 1238 621 1315 ιιι.

164 1348 327 1427 „Quinque
342 1330 419 1409 sotis¹
429 1348 569 1410 fuerant·
587 1368 657 1409 nam
671 1367 725 1408 sex
740 1353 894 1428 septemve
911 1347 1012 1410 libelli

205 1433 262 1492 nrt
275 1433 413 1493 nimium·
436 1434 509 1513 qnid
524 1432 622 1493 adhuc
635 1431 761 1512 ludere,
782 1432 885 1510 Musa,
906 1434 1011 1494 iuvat?

164 1514 213 1575 Sit
224 1513 325 1596 pudor
339 1523 372 1576 et
383 1517 470 1577 linis.
492 1518 551 1576 iam
564 1517 633 1598 plus
647 1515 726 1575 nihil
738 1514 853 1575 addere
871 1518 962 1577 nobis

205 1599 298 1659 Fama
310 1605 432 1680 potest:
453 1601 567 1661 teritur
581 1605 688 1668 noster
701 1600 814 1677 ubique
828 1596 929 1676 liber,

141 1683 205 1744 alit
219 1702 288 1743 cum
300 1690 391 1764 rupta
404 1685 465 1743 situ
479 1677 632 1744 Messalae
649 1702 718 1743 saxa
732 1684 876 1744 iacebunt
1002 1746 1007 1752 ,

204 1764 338 1846 Altaque
353 1787 420 1828 cum
433 1767 532 1828 Licini
547 1786 698 1839 marmora
710 1764 810 1846 pulvis
824 1773 931 1845 erunt,

161 1849 217 1911 Me
230 1855 332 1911 tamen
346 1871 401 1912 ora
413 1849 519 1930 legent
533 1856 566 1912 et
578 1869 681 1911 secum
697 1848 846 1931 plurimus
860 1850 975 1932 hospes

202 1931 253 1995 Ad
265 1936 380 2014 paulas
393 1934 484 1995 sedes
497 1934 629 1995 carmina
642 1939 749 1994 nostra
761 1932 852 1992 feret.
854 1932 875 1968 “

138 2017 335 2096 Ι,Ε’ἰιιίιιιιιιι
354 2036 423 2078 cum
438 2018 482 2078 sic
496 2015 657 2098 respondit
669 2035 749 2076 nona
762 2035 918 2094 sororum,

121 2112 155 2163 10
203 2101 260 2162 (lui
276 2120 361 2161 coma
375 2107 416 2160 et
414 2107 575 2179 unguento
591 2098 715 2161 sordida
728 2101 821 2159 vestis
836 2107 920 2160 erat:

163 2183 276 2264 „Tune
286 2189 377 2263 potes
392 2181 515 2261 dulces,
536 2185 674 2262 ingrate,
694 2181 871 2261 relinquere
885 2185 1004 2264 nugas?

202 2267 260 2327 llic
275 2266 365 2345 milri,
387 2267 461 2347 quid
473 2265 581 2327 melius
597 2264 767 2326 desidiosus
782 2267 877 2345 ages?

162 2351 210 2412 An
224 2351 307 2411 iuvat
319 2349 358 2410 ad
371 2352 504 2430 tragicos
519 2369 641 2411 soccum
653 2350 825 2411 transferre
840 2351 1020 2428 cothurnos,

203 2434 323 2516 Aspera
332 2433 384 2495 vel
396 2434 520 2517 paribus
534 2432 618 2495 bella
631 2440 740 2495 tonare
755 2432 907 2512 modis,

119 2517 323 2598 15Praelegat
339 2524 374 2580 ut
387 2516 520 2580 tumidus
535 2524 672 2599 rancato
686 2535 761 2577 voce
775 2515 976 2595 magister

203 2601 314 2663 Oderit
328 2609 361 2662 et
374 2601 539 2681 grandis
510 2621 596 2704 virgo
610 2603 767 2680 bonosque
780 2601 882 2681 puer?

162 2685 329 2747 Scribant'
319 2692 378 2746 ista
390 2704 496 2765 graves
512 2687 635 2746 nimium
648 2685 834 2764 nimiumque
850 2686 966 2767 severi,

202 2769 285 2846 Quos
300 2767 401 2830 media
414 2770 543 2829 miseros
556 2776 648 2831 nocte
662 2767 790 2829 lucerna
806 2756 900 2831 videl.

160 2853 202 2913 At
215 2859 250 2912 tn
263 2852 415 2913 Romanos
430 2849 535 2934 lepido
551 2851 616 2913 sale
629 2853 714 2931 tinge
727 2849 871 2912 libellos.

118 2946 154 2998 20
200 2935 354 3014 Agnoscat
368 2954 469 2996 mores
483 2937 545 2997 vito
557 2935 705 3015 legatque
717 2953 797 2996 snos.

160 3021 297 3097 Angusta
311 3026 435 3080 cantare
448 3019 526 3081 licet
537 3019 670 3080 videaris
683 3037 792 3095 avena,

203 3104 281 3162 Dum
295 3110 347 3164 tna
361 3102 527 3164 multorum
539 3104 641 3162 vincat
654 3120 747 3162 avena
761 3102 881 3161 tubas.“

563 3234 615 3300 lv.

154 3348 311 3429 Quantus,
332 3349 384 3429 io,
404 3349 521 3411 Latias
517 3346 630 3409 urendi
643 3346 940 3409 concentusadaras

183 3392 330 3518 Suscipit
346 3442 381 3498 et
395 3434 492 3498 solvit
506 3448 567 3520 nro
581 3431 662 3495 duce
676 3438 750 3493 oola
761 3428 834 3490 suo
