2250 3794
400 194 444 257 m.
459 194 549 263 vm.
564 170 786 279 maarmms

548 397 650 460 LVHl.

170 510 203 568 ln
219 491 357 568 tenebris
370 507 458 589 luges
476 511 632 588 amissum,
652 509 755 589 Galla,
777 513 925 584 maritum.

211 593 272 652 lam
285 590 409 672 plorare
423 592 520 677 pudet
533 600 580 672 te,
598 599 690 674 puto,
713 591 800 654 Galla
811 596 917 658 virum.

563 725 639 787 LIX.
658 722 661 726 “

169 836 328 899 Flentibus
341 835 505 897 Heliadum
517 838 608 896 ramis
623 836 694 897 dum
708 837 813 919 vipera
831 841 930 921 repit,
975 836 979 848 '

211 922 314 982 Fluxit
329 922 360 979 in
378 921 548 979 obstantem
561 921 665 979 sucina
679 927 764 999 gutta
776 922 881 983 feram.

174 1006 258 1081 Quae
273 1003 343 1063 dum
357 1003 484 1061 miratur
499 1003 605 1082 pingui
619 1021 653 1062 se
666 1022 739 1063 rore
752 1007 872 1084 teneri,
982 1001 985 1005 ’

213 1089 366 1147 Concreto
382 1086 477 1163 riguit
489 1087 591 1144 vincta
602 1092 733 1166 repente
749 1086 828 1166 gelu.

151 1171 220 1232 5Ne
235 1171 293 1229 tibi
307 1166 403 1246 regali
416 1167 555 1247 placeas,
577 1169 757 1250 Cleopatra,
776 1168 936 1251 sepulcro,

213 1254 328 1333 Vipera
341 1255 367 1312 si
382 1249 496 1311 tumulo
509 1249 663 1314 nobiliore
676 1255 765 1316 lacet.

568 1385 632 1448 LX.

172 1499 275 1559 Ardea
289 1497 421 1558 solstitio
435 1497 642 1576 Castranaque
659 1518 732 1575 rura
743 1504 888 1579 petantur

215 1584 334 1660 Quique
349 1580 504 1641 Cleonaeo
518 1580 733 1641 siderelervet
747 1600 835 1661 ager,

67 1736 72 1749 ¹
174 1669 250 1730 Cum
265 1667 441 1727 Tiburtinas
456 1664 579 1725 damnet
593 1665 745 1725 Curiatius
760 1685 847 1726 auras

214 1754 298 1812 luter
314 1749 452 1810 laudatas
468 1748 507 1809 ad
521 1749 615 1828 Styga
628 1750 736 1809 missus
751 1769 852 1828 aquas.

150 1834 262 1896 §Nullo
277 1834 340 1895 sata
352 1833 422 1894 loeo
435 1833 535 1915 possis
549 1831 730 1892 excludere:
752 1853 819 1892 cum
833 1852 916 1897 mors

215 1919 360 1996 Venerit,
381 1920 415 1977 in
427 1917 529 1978 medio
545 1917 662 1977 Tibure
677 1916 817 1997 Sardiniq
830 1923 886 1977 est.

565 2068 642 2128 LXI.

174 2180 309 2239 Donasse
326 2179 452 2238 amicum
465 2178 524 2238 tior
538 2177 684 2255 ducenta,
705 2179 865 2257 Manclne,

174 2262 278 2342 Nuper
292 2264 424 2344 superbo
437 2260 537 2323 laetus
552 2256 606 2323 ore
619 2262 748 2322 lactasti.

175 2347 305 2422 Quartus
320 2344 386 2406 dics
401 2352 465 2422 est,
486 2346 518 2405 in
533 2343 638 2406 schola
650 2350 809 2425 poetarum

174 2431 251 2489 Dum
266 2429 449 2508 fabulamur,
471 2427 593 2490 milibus
607 2429 713 2488 decem
728 2427 804 2489 dixti

155 2514 300 2592 olimptas
313 2513 455 2574 lacernas
462 2533 573 2574 munus
589 2531 658 2575 esse
671 2511 862 2592 Pompullae,

176 2595 371 2674 Sardonycha
384 2615 488 2657 verum
501 2597 736 2677 lychnidemque
751 2599 869 2657 ceriten

174 2678 315 2757 Duasque
329 2679 445 2740 similes
456 2681 598 2741 fluctibus
612 2682 703 2741 maris
719 2699 850 2758 gemmas

175 2759 304 2820 Dedisse
317 2761 440 2821 Bassum
454 2762 649 2841 Caeliamque
661 2765 776 2823 iurasti.

175 2844 260 2903 Here
275 2843 314 2903 dc
330 2845 468 2920 theatro,
490 2844 617 2905 Polione
633 2852 789 2924 cantante,

108 3005 111 3011 1
135 2940 169 2990 10
176 2929 251 2988 Cum
265 2927 366 2987 subito
379 2928 497 3004 abires,
519 2927 589 2987 dum
603 2928 700 3006 fugis,
718 2927 912 3007 loquebaris,

178 3010 367 3071 Hereditatis
379 3011 436 3070 tilti
448 3017 589 3071 trecenta
602 3013 739 3090 venisse,

176 3097 217 3156 Et
231 3112 321 3154 mane
333 3101 470 3171 eentum,
490 3100 562 3175 post
574 3094 733 3156 meridiem
750 3102 878 3158 centnm

179 3178 259 3255 Quid
270 3179 327 3238 tibi
341 3175 462 3239 sodales
475 3179 603 3240 lecimus
616 3177 687 3239 mall
700 3180 836 3239 tantum?

178 3262 332 3325 Miserere
344 3264 403 3323 iam
417 3261 552 3323 crudelis
565 3269 598 3323 et
610 3261 667 3323 sile
680 3261 811 3322 tandem.

134 3346 252 3421 roam,
274 3348 301 3406 si
315 3353 419 3408 tacere
432 3346 536 3429 lingua
549 3366 611 3408 non
624 3352 728 3427 potest
740 3347 814 3423 ista,

127 3506 130 3510 Δ
157 3425 342 3509 Aliquando
356 3452 467 3515 narra,
488 3432 573 3517 quod
585 3429 717 3496 velimus
731 3430 850 3493 audire.
964 3452 968 3461 ¹

23 3722 170 3762 ἢ
