2264 3786
297 218 631 284 EPIGRAMMATON
643 221 716 284 LIII.
731 221 794 335 llll.

116 373 163 433 Ne
178 354 389 433 succensueria
402 371 485 434 velut
500 359 643 454 superbit.

118 457 166 516 'l'e
181 475 239 536 pro
254 456 385 514 Caesare
400 454 498 516 debeo
513 476 639 535 rogare:

115 541 177 601 Pro
192 556 241 599 me
253 536 352 599 debeo
368 539 531 601 Gaesarem
544 559 663 620 rogare.

509 699 585 761 axi

115 807 294 871 Abstulerat
308 817 402 871 totam
415 814 596 873 temerarius
610 812 733 871 Institor
747 814 854 873 urbem

158 892 253 971 Inque
267 911 321 952 auo
336 894 454 956 nullum
467 893 573 956 limine
586 894 682 956 Ilmeu
697 901 772 956 erat.
818 920 823 926 ·

114 976 232 1034 Iussisti
245 982 370 1056 unuea,
393 979 590 1057 Germanice,
612 979 865 1056 cresceremus,
980 1050 984 1058 ³

156 1058 198 1117 lat
211 1056 301 1119 modo
317 1079 393 1139 quae
408 1062 509 1122 luerat
523 1063 647 1140 semita,
668 1061 809 1121 lactaria
823 1069 879 1125 est.

94 1139 207 1204 5Nulla
222 1145 369 1204 catenatis
382 1145 444 1225 pila
458 1153 507 1206 est
518 1146 695 1226 praecincta
706 1143 840 1223 lagonis,

155 1224 220 1284 Nee
234 1232 360 1304 praetor
373 1228 474 1289 medio
490 1230 608 1307 cogitur
621 1230 668 1288 Ire
682 1227 767 1300 luto;
795 1234 801 1241 '

116 1307 285 1385 Stringitur
299 1309 332 1368 in
346 1308 441 1372 densa
455 1331 513 1373 nec
527 1330 618 1372 cucca
630 1309 774 1371 novacula
787 1311 892 1389 turba,

157 1389 291 1471 Occupat
304 1399 355 1453 aut
369 1400 448 1454 totas
463 1396 550 1474 olgra
564 1395 676 1474 popina
690 1395 762 1455 vias.

116 1473 257 1552 Tonsor,
267 1495 372 1559 copo,
393 1497 499 1555 cocus,
519 1476 617 1538 lanius
631 1498 684 1537 sua
697 1475 803 1538 limlna
815 1483 946 1540 servant.

72 1569 108 1621 10
155 1555 241 1618 Nune
254 1557 350 1620 Roma
364 1566 426 1641 est,
447 1560 545 1643 nuper
558 1579 665 1641 magna
678 1564 805 1641 tpberna
818 1560 886 1621 luit.

508 1720 597 1782 LXII.

114 1831 254 1896 Reclusis
267 1834 386 1894 foribus
398 1780 531 1912 prandea
545 1832 695 1914 percidia‚
717 1831 847 1911 AmIlle,

154 1918 196 1978 Et
209 1924 242 1977 te
257 1916 424 1997 deprendi,
445 1918 602 1978 comiaclo
617 1919 691 1996 ista,
710 1918 812 1997 cupis,

113 2000 159 2061 Ne
175 1997 249 2080 quid
261 1998 369 2060 liberti
383 2007 511 2062 narrent
529 2003 670 2081 servique
683 2002 805 2080 paterni

153 2084 195 2144 Iit
211 2085 300 2162 niger
315 2083 438 2163 obliqua
453 2082 631 2165 garrulitate
646 2084 752 2149 cliens.

90 2167 181 2229 5Non
194 2167 350 2246 paedicarl
363 2187 397 2227 ae
413 2170 464 2246 qui
478 2174 621 2247 testatur,
643 2156 777 2245 ΑιιιίΠε,Ι

155 2247 237 2310 illud
250 2268 341 2331 saepe
355 2250 446 2332 facit,
468 2251 550 2332 quod
563 2254 630 2312 sine
644 2258 726 2313 teste
739 2251 822 2311 iacit.

487 2412 590 2475 LXIII.

114 2522 259 2602 Perpetui
273 2543 425 2603 nunquam
439 2527 585 2585 moritura
599 2521 824 2594 uolumiuassill
953 2550 956 2557 ¹

156 2606 214 2682 Qui
228 2604 305 2685 legis
321 2615 353 2667 et
365 2606 453 2667 Latia
466 2609 599 2668 carmina
612 2605 702 2685 digna
715 2612 804 2684 toga,

114 2688 234 2748 Pierios
246 2695 364 2750 tanturn
377 2691 437 2751 vati
452 2687 605 2769 placuisse
618 2708 759 2750 recessus

101 2800 104 2805 ·
155 2771 265 2832 Credis
281 2779 313 2832 et
325 2774 441 2833 Aoniae
455 2774 604 2833 Bacchica
617 2779 700 2833 serta
714 2772 838 2837 comae?

89 2854 206 2923 bsecro
220 2856 392 2917 cothurnati
405 2872 468 2916 nou
484 2859 586 2935 attigit
599 2864 669 2917 ante
683 2857 838 2933 Maronis,

157 2936 298 3018 implevit
312 2941 411 3018 magni
426 2959 513 3019 quam
528 2941 687 3001 Ciceronis
703 2959 786 3020 opus.

112 3022 203 3081 Hunc
217 3023 344 3083 miratur
359 3022 456 3084 adhuc
472 3031 594 3086 centum
607 3026 706 3102 gravis
720 3025 807 3082 hasta
821 3022 970 3098 virorum,

153 3105 242 3164 Hunc
256 3103 392 3185 loquitur
405 3113 491 3184 grato
505 3105 652 3187 plurimus
667 3125 721 3166 ore
739 3104 846 3165 cliens.

111 3188 276 3268 Postquam
287 3191 333 3249 bia
348 3191 429 3250 senIs
443 3192 599 3268 ingentem
613 3190 745 3249 fascibus
761 3206 870 3247 annum

69 3282 104 3333 10
150 3271 299 3350 Rererat,
321 3278 437 3332 asserto
452 3275 503 3352 qui
518 3292 605 3335 sacer
619 3273 694 3333 orbe
707 3271 782 3346 luit,
820 3288 824 3299 ’

111 3356 266 3417 Emeritos
281 3355 379 3414 Musis
394 3362 426 3415 et
440 3357 565 3417 Phoebo
580 3353 707 3416 tradidit
722 3371 832 3429 annos,

154 3438 278 3516 Proque
292 3456 347 3497 suo
368 3436 505 3499 celebrat
516 3458 598 3500 nunc
611 3436 761 3498 Helicona
774 3438 852 3499 loro.

997 220 1098 307 rou>

1026 3540 1091 3561 ..⁸—
