2264 3786
130 201 192 264 232
451 196 495 259 M.
509 197 601 261 VAL.
617 196 840 259 MARTIALIS

254 353 295 413 Et
308 354 499 432 praetextata
513 348 611 409 cultus
625 350 772 428 amicitia,

191 436 263 496 5Tu
277 436 369 509 faeis;
390 435 423 493 in
436 435 531 495 terris
548 452 607 511 quo
621 452 683 493 uon
698 441 746 493 est
759 432 840 493 alter
853 433 985 495 Hiberis

255 517 382 579 Dulcior
399 524 431 578 et
443 535 517 577 vero
533 515 641 593 dignus
659 535 763 577 amore
776 518 880 596 magis.

214 603 331 663 Tecum
345 620 402 680 ego
416 600 465 662 vel
479 601 552 660 sioni
568 598 699 660 Gaetula
712 598 841 680 mapalia
854 601 954 661 Poeni

254 688 296 747 Et
309 692 448 766 poteram
462 683 621 762 Scythicas
635 684 732 743 hostis
746 703 847 743 amare
863 703 958 745 casas.

213 770 246 831 Si
260 772 317 830 tibi
331 788 417 829 mena
432 767 555 844 eadem,
571 768 598 826 ai
611 768 709 826 nostri
723 775 825 827 mutua
840 786 912 827 cora
927 773 994 848 est,

171 865 206 918 10
254 856 288 914 ln
302 870 482 933 quoeunque
495 848 566 911 loco
580 850 675 910 Roma
688 848 805 912 duobus
819 851 889 912 erit.

609 982 689 1044 XXI.

133 1100 135 1105 '
214 1099 358 1160 Scribere
373 1102 406 1156 te
423 1112 500 1174 quae
514 1096 563 1154 vix
576 1094 728 1174 intelligat
742 1097 809 1177 ipae
823 1094 988 1158 Modestus

253 1181 358 1245 lotrix
373 1178 537 1256 Claranus,
560 1178 737 1257 quidrogo,
760 1180 868 1257 Sexte,
890 1181 999 1261 iuvat?
1123 1210 1127 1217 ·

213 1265 280 1325 Non
294 1263 412 1323 lectore
428 1263 489 1323 tuis
504 1282 579 1343 opus
594 1267 657 1339 est,
678 1261 734 1322 sed
747 1261 911 1343 Apolline,
931 1263 1043 1347 libris3

253 1347 356 1407 Iudice
370 1354 402 1406 te
417 1348 512 1406 maior
527 1346 624 1407 Ginua
639 1346 768 1405 Marone
782 1346 849 1408 fuit.

191 1431 265 1494 5Sic
279 1437 330 1490 tua
343 1429 508 1491 laudentur
522 1446 610 1489 saue:
632 1447 699 1489 mea
713 1432 861 1509 earmina,
884 1431 998 1510 Sexte,

255 1515 466 1576 Grammaticis
479 1512 635 1594 placeant,
655 1518 691 1572 ut
704 1514 770 1573 sine
786 1514 1011 1578 Grammaticis

539 1642 559 1691 ⁸
612 1644 705 1707 XXII.

214 1763 277 1824 cur
292 1760 443 1843 spleniato
458 1777 550 1838 saepe
564 1756 717 1839 prodeam5
724 1763 829 1818 mento

213 1845 329 1906 Albave
342 1847 443 1926 pietus
457 1863 528 1903 rana
541 1841 628 1902 labra
642 1846 780 1919 eerrissa,

212 1929 369 2007 Philaeni,
393 1926 538 2007 qnaeris?
557 1927 677 1986 basiare
691 1933 723 1986 te
740 1924 822 1986 nolo.

591 2073 697 2134 XXlll.

213 2189 274 2247 lam
289 2194 429 2246 numerat
442 2184 563 2266 placido
578 2184 653 2245 felix
667 2188 818 2247 Antonius
830 2207 905 2248 aevo

257 2270 463 2346 quindeciens
479 2274 560 2329 actas
576 2270 696 2330 Primus
712 2269 908 2352 Olympiadas

213 2355 464 2432 Praeteritosque
481 2352 546 2412 dies
558 2360 591 2413 et
605 2360 687 2413 totos
702 2356 831 2434 respicit
844 2364 957 2432 annos,

255 2440 319 2499 Nee
333 2439 441 2498 metuit
456 2438 572 2497 Lethes
584 2439 644 2496 iam
658 2438 811 2517 propioris
826 2456 928 2516 aquas.

71 2566 75 2571 .
192 2521 306 2583 5Nulla
320 2522 495 2582 recordanti
509 2521 561 2582 lux
575 2528 623 2581 est
636 2522 755 2598 ingrata
770 2522 946 2599 gravisque:

255 2604 347 2665 Nulla
362 2606 438 2683 fuit,
461 2604 545 2666 euius
558 2624 619 2663 non
633 2605 806 2663 meminisse
819 2603 905 2664 velit.

214 2688 349 2766 Ampliat
362 2690 471 2748 aetatis
485 2689 612 2766 spatium
628 2688 686 2747 sibi
700 2688 872 2747 virbonus:
888 2688 947 2747 hoo
962 2694 1013 2746 est

256 2772 370 2832 Vivere
385 2772 448 2848 bia,
468 2771 529 2830 vita
543 2789 635 2851 posse
647 2771 753 2851 priore
767 2770 838 2832 frui.

594 2903 704 2966 XXIV.

215 3013 338 3074 Natales
355 3014 430 3072 mihi
441 3011 572 3074 Martiae
586 3012 759 3091 Kalendae,

213 3099 279 3158 Lux
292 3098 457 3157 formosior
472 3099 610 3157 omuibus
623 3095 785 3176 Kalendis,

215 3184 280 3257 Qua
295 3182 421 3242 mittunt
434 3181 508 3241 mihi
522 3201 629 3241 munus
644 3186 681 3240 et'
688 3180 827 3260 puellae,

216 3264 469 3344 Quinquagesima
481 3264 544 3325 liba
560 3265 778 3343 septimamque

214 3350 337 3411 Vestris
352 3348 490 3409 addimus
503 3348 582 3407 hano
597 3348 675 3406 focis
689 3364 833 3408 acerram.

214 3432 272 3491 His
286 3451 355 3512 vos,
377 3433 403 3491 ai
418 3438 520 3491 tamen
534 3429 673 3512 expedit,
694 3431 814 3509 roganti
