2264 3786
298 198 635 299 EPIGRAMMATON
647 199 720 263 LlB.
735 198 799 263 xli.
1002 200 1064 266 28³

537 398 560 462 1.

117 515 208 577 Retia
221 512 293 576 dum
307 521 428 575 cessant
440 513 667 594 latratoresque
682 513 813 576 Molossi
824 586 828 595 Ι

156 599 198 662 iit
210 617 273 658 non
286 599 410 659 invento
424 598 500 659 silva
514 599 645 677 quiescit
659 617 748 679 apro,

65 704 69 713 ’
116 683 203 760 Otia,
222 683 346 760 Prisce,
366 683 454 743 brevi
466 683 585 762 poteris
599 680 714 745 donare
727 679 845 743 libello.

156 766 242 826 liora
255 784 314 827 nee
328 767 443 852 aeqtiva
455 771 505 826 est
517 783 576 826 nee
590 765 647 826 tibi
660 770 726 827 tota
739 766 832 846 perit.

532 899 568 961 11.

116 1011 200 1087 Quae
214 1008 304 1072 modo
318 972 449 1072 litoreos
459 1012 551 1072 ibatis
565 1010 698 1070 carmina
711 1009 847 1089 Pyrgos,

156 1095 202 1154 Ite
217 1112 320 1170 sacra3
338 1096 398 1156 iam
411 1114 475 1155 non
487 1091 702 1176 pulverulenta
715 1094 763 1153 via
777 1098 835 1155 est.

113 1335 164 1399 Ab
175 1337 305 1420 populos
320 1337 402 1399 mitti
417 1340 470 1420 qui
483 1357 584 1420 nuper
598 1340 635 1400 ab
650 1339 728 1399 urbe
742 1334 880 1417 solebas,

154 1421 236 1501 ibis,
254 1423 302 1500 io,
324 1422 449 1484 Romam
462 1442 543 1483 nunc
558 1423 725 1504 peregrine
737 1421 834 1501 liber,

112 1505 250 1566 Auriferi
265 1503 305 1565 de
323 1512 415 1584 geute
431 1507 509 1586 Tagi
522 1507 688 1585 tetricique
703 1503 840 1583 Salonis,

154 1589 215 1651 Dat
227 1590 344 1670 patrios
361 1609 465 1651 manes
480 1591 646 1670 quaemihi
660 1595 746 1649 terra
758 1595 879 1669 potens.
937 1630 940 1639 ι

91 1671 183 1734 bNon
196 1679 299 1733 tamen
311 1673 424 1756 hospes
439 1675 517 1752 eris,
536 1692 595 1734 nec
611 1674 671 1733 iam
685 1678 774 1753 potes
788 1671 904 1734 advena
919 1669 996 1753 elici,

156 1757 250 1818 Cuius
263 1757 358 1817 habet
376 1757 490 1817 iratres
504 1764 552 1818 tot
567 1756 673 1818 domus
688 1755 751 1816 alta
763 1756 861 1818 Remi.

113 1841 182 1900 Iure
191 1847 249 1901 tuo
264 1840 438 1901 veneranda
451 1842 521 1901 nori
535 1846 609 1920 pete
623 1839 727 1900 limina
740 1839 866 1921 templi,
906 1857 909 1863 ·

151 1922 285 1984 Reddita
297 1924 402 1985 Pierio
417 1924 488 1985 sunt
501 1925 554 1984 ubi
566 1922 682 2005 ternpla
696 1924 800 1985 choro.

110 2005 172 2070 Vel
186 2007 213 2068 si
226 2006 387 2086 malueris,
407 2011 506 2089 prima
519 2007 660 2087 gradiere
678 2007 813 2068 Subura:
880 2036 881 2040 ¹
954 2074 958 2085 ,

70 2100 104 2154 10
151 2093 244 2151 Atria*
253 2098 324 2153 sunt
337 2091 424 2152 illine
438 2093 572 2153 consulis
586 2091 648 2152 alta
661 2093 730 2153 mei.

110 2174 295 2255 Laurigeros
309 2176 427 2236 habitat
441 2175 590 2236 facundus
605 2174 704 2236 Stella
717 2181 861 2256 penates,

153 2255 263 2321 Clarus
277 2259 422 2320 lantheae
432 2260 532 2321 Stella
546 2262 649 2321 sititor
664 2277 770 2341 aquae.

98 2339 196 2402 'Fons
206 2343 251 2403 ibi
264 2342 416 2404 Castalius
428 2345 529 2405 vitreo
543 2351 684 2405 torrente
698 2342 864 2423 superbus,

150 2425 241 2487 Unde
255 2445 364 2487 novem
379 2425 515 2487 dominas
531 2446 622 2507 saepe
636 2428 750 2487 bibisse
765 2425 878 2488 ierunt.

67 2507 164 2570 lollle
180 2507 266 2571 dabit
277 2508 393 2592 populo
407 2504 607 2591 patribusque
623 2511 781 2588 equitique
794 2503 973 2587 legendum,

149 2592 215 2653 Nec
228 2594 353 2654 nimium
367 2595 456 2654 siccis
469 2592 611 2674 perleget
623 2595 690 2674 ipse
704 2593 799 2671 genis.
903 2660 905 2666 s

109 2675 191 2752 Quid
202 2675 325 2738 titulum
339 2678 463 2758 poscis?
482 2676 662 2737 versandae
677 2682 780 2737 tresve
794 2672 957 2755 legantur,

152 2758 335 2822 Clamabunt
348 2779 452 2841 omues
466 2767 516 2840 te,
537 2757 636 2841 liber,
655 2778 724 2821 esse
740 2779 849 2823 meum.

512 2893 564 2958 IV.

110 3006 201 3084 Quod
213 3006 326 3069 Flacco
340 3006 497 3086 Varioque
512 3008 572 3069 fuit
586 3025 763 3087 summoque
776 3007 900 3068 Maroni
944 3018 947 3024 “

151 3092 333 3168 Maecenas,
353 3093 447 3160 atavis
460 3094 585 3171 regibus
599 3098 683 3152 ortus
698 3108 810 3168 eques3

108 3175 261 3235 Gentibus
275 3180 309 3234 et
321 3174 442 3254 populis
456 3176 515 3235 boc
529 3181 563 3234 te
576 3176 669 3252 mibi,
689 3175 796 3233 Prisce
811 3171 958 3249 Terenti,

149 3258 244 3318 Fama
259 3258 355 3317 fuisse
369 3257 481 3336 loquax
496 3258 661 3336 chartaque
678 3256 761 3316 dicet
774 3275 857 3318 enus.

87 3341 162 3402 5Tu
176 3341 252 3402 iacis
265 3341 439 3419 ingenium,
460 3347 510 3421 tu,
532 3343 559 3401 si
573 3339 648 3420 qaia
659 3337 929 3421 possenibemma

148 3424 194 3483 Ta
209 3423 265 3485 cias
277 3423 433 3504 ingenuae
448 3427 497 3489 ius
514 3427 595 3491 mibi
607 3426 774 3515 pigritipe.
856 3462 860 3471 ·
