2264 3786
213 169 219 181 ’
296 199 716 284 nrroanuunuounn.
731 221 782 284 rx.
996 208 1082 286 aaa

440 370 584 482 ''xxa
649 392 656 409 “

113 533 326 596 Artemidorus
339 536 434 596 habet
446 555 591 615 pueram,
613 536 669 599 sed
683 537 822 600 vendidit
835 555 954 618 agrum:
1063 595 1067 605 .
1127 596 1131 604 .

154 621 269 697 Agrum
283 639 339 699 pro
353 637 450 699 puero
465 619 659 681 Calliodorus
671 622 773 684 habet.

88 750 93 757 ,
114 704 185 780 Dic,
206 710 277 764 nter
290 704 412 774 existis
426 702 613 766 meliusrem
626 707 774 783 gesserit,
792 706 914 767 Ancte‘t

155 785 369 847 Artemidorus
384 793 479 867 amat,
502 786 695 850 Calliodorus
710 795 783 850 arat
848 818 850 823 ·

498 920 590 983 XXII.

116 1032 226 1095 Credis
240 1034 279 1092 ob
292 1032 370 1093 haec
385 1049 450 1108 me,
470 1030 597 1110 Pastor,
620 1052 695 1113 opes
708 1033 841 1095 fortasse
855 1052 982 1114 rogare,

154 1117 289 1196 Propter
304 1133 380 1194 quae
395 1114 501 1193 vulgus
514 1135 675 1195 crassaque
689 1118 779 1177 turha
794 1124 897 1197 rogat,

112 1201 155 1262 Ut
169 1200 276 1260 Setina
288 1217 372 1258 meos
387 1206 543 1259 consumat
554 1198 643 1277 gleba
656 1199 777 1278 ligones

154 1284 196 1345 Et
210 1288 299 1343 sonet
311 1283 472 1342 innumera
486 1282 633 1362 compede
649 1284 767 1344 Tuscus
785 1302 874 1363 agen
927 1321 930 1330 ·
969 1342 978 1348 .

91 1368 157 1430 5Ut
168 1367 270 1427 Mauri
285 1367 408 1444 Libycis
423 1369 543 1427 centum
558 1372 642 1426 stent
657 1366 799 1429 dentibus
813 1369 904 1429 orbes

153 1451 195 1511 ut
209 1454 317 1530 crepet
328 1449 361 1508 in
374 1450 488 1509 nostris
503 1469 595 1510 aurea
607 1449 707 1510 lamna
719 1453 814 1529 toris,

112 1532 176 1602 Nec
189 1531 286 1593 labris
301 1533 361 1593 nisi
375 1552 481 1610 magna
494 1536 570 1593 meis
585 1531 730 1613 crystalla
743 1539 883 1595 terantur

153 1618 195 1678 Et
208 1617 321 1676 faciant
335 1616 437 1694 nigras
451 1625 556 1676 nostra
570 1617 703 1679 Falerna
716 1620 818 1693 nives;
851 1670 853 1677 .

115 1700 158 1760 Ut
172 1701 364 1760 canusinatus
379 1705 485 1759 nostro
501 1701 595 1778 Syrus
611 1719 714 1761 assere
728 1701 819 1772 sudet

73 1794 106 1847 10
154 1785 195 1844 Et
211 1802 279 1844 mea
292 1784 333 1843 sit
348 1781 429 1842 culto
444 1781 521 1842 sella
535 1780 647 1844 cliente
661 1785 828 1864 frequenst

113 1870 244 1929 Aestuet
258 1872 292 1926 ut
306 1871 411 1925 nostro
427 1865 565 1927 madidus
579 1869 702 1928 conviva
716 1869 871 1946 ministro,
893 1868 895 1874 '

155 1947 252 2028 Quem
266 1954 473 2029 permutatum
484 1969 542 2010 nec
557 1950 734 2030 Ganymede
748 1949 848 2031 reliss
915 1974 916 1979 ¹
958 2016 961 2036 1

113 2036 155 2095 Ut
167 2034 318 2097 lutulenta
330 2033 407 2093 linat
420 2033 531 2111 Tyrias
545 2036 619 2095 milri
633 2034 714 2096 mula
727 2035 867 2102 lacernas
928 2082 931 2089 .

154 2119 196 2179 Et
212 2116 347 2195 Massyla
362 2135 462 2176 meum
478 2119 562 2196 virga
576 2121 727 2197 gubernet
741 2138 860 2199 equum.

72 2203 169 2263 15Est
183 2199 262 2261 nihil
277 2201 410 2259 existis:
432 2220 560 2280 superos
575 2223 609 2262 ac
624 2203 727 2263 sidera
740 2208 849 2264 testor.

156 2286 238 2363 Ergo
256 2281 350 2362 qnid‘.²
378 2283 422 2344 Ut
436 2283 562 2363 donem,
579 2287 706 2366 Pastor,
728 2292 762 2347 et
774 2285 941 2347 aedificem.

432 2471 434 2474 Α
489 2416 595 2479 ΧΧΙΠ.

115 2532 147 2590 0Ι
157 2532 205 2590 cui
217 2533 355 2612 virgineo
372 2533 539 2592 flavescere
554 2533 683 2609 contigit
700 2550 818 2610 auro„

155 2614 211 2675 Die
225 2618 278 2677 ubi
291 2614 458 2676 Palladium
474 2615 515 2673 sit
528 2615 599 2691 tibi,
622 2615 716 2691 Care,
739 2613 856 2674 decus?

113 2697 255 2778 „Aspicis
270 2718 310 2765 en
326 2697 440 2758 domini
452 2695 607 2775 fulgentes
622 2716 773 2776 marmore
786 2697 911 2761 voltus?

157 2782 253 2843 Venit
268 2782 305 2842 ad
318 2783 373 2842 has
387 2782 469 2842 ultro
484 2786 589 2840 nostra
603 2801 715 2847 corona
728 2783 861 2843 eomas.“

92 2862 254 2925 5Albanae
267 2864 365 2926 livere
379 2869 483 2945 potest
495 2865 547 2944 pia
562 2883 693 2943 quercus
707 2864 824 2944 olivae,
876 2922 878 2927 .

157 2949 297 3011 Cinxerit
309 2951 454 3010 invictum
474 2946 555 3027 quod
568 2951 656 3028 prior
669 2947 724 3010 illa
738 2955 837 3031 capnt.

491 3079 600 3143 xxiv.
637 3116 642 3128 =

115 3194 189 3272 Quis
203 3168 358 3255 Palatinos
372 3164 507 3256 imitatus
520 3197 652 3274 imagine
666 3192 766 3254 voltus

155 3278 332 3339 Phidiacum
344 3279 431 3339 Latio
447 3297 603 3338 marmorc
611 3278 684 3338 vicit
697 3276 797 3337 ebur?

115 3361 200 3422 Haec
213 3360 318 3422 mundi
333 3361 446 3440 facies,
469 3362 548 3423 haec
563 3359 731 3424 suntlouis
744 3380 803 3419 ora
813 3357 942 3418 serenis

147 3445 201 3502 Sic
215 3450 302 3504 tonat
315 3442 372 3506 illc
389 3445 486 3528 deus,
509 3466 583 3510 curn
597 3448 671 3510 sine
684 3447 777 3509 nune
786 3447 897 3506 tonat.
1038 3520 1086 3552 Α
