2264 3786
17 225 22 235 .
81 186 129 249 oe
354 166 858 257 *mvnunnurmms'
913 152 934 174 ''
998 153 1026 180 ²

173 498 280 575 Hunc,
303 517 393 577 quem
407 517 501 580 saepe
513 498 599 559 vides
614 500 695 559 intra
708 496 879 578 penetralia
891 475 1016 561 nostra'e

213 579 354 642 Pallados
370 589 402 643 ct
415 580 527 663 templi
538 582 659 667 limbus,
682 583 808 659 (imme,
828 583 899 641 novi

173 666 248 726 (lum
263 664 372 726 baculo
386 685 521 747 peraque
536 684 656 743 senem,
677 665 726 726 cui
741 685 814 725 cana
827 665 988 746 putrisque

215 748 283 808 Stat
297 769 382 810 coma
397 751 475 810 etin
493 757 602 833 pectus
615 748 740 809 sordida
754 749 849 809 barba
864 748 963 822 cadit3

150 832 273 893 bilerea
287 853 377 911 quem
391 833 465 893 nudi
480 834 559 911 tegit
572 851 648 892 uxor
663 831 768 892 abolla
778 832 913 910 grabati,

215 916 273 975 Cui
288 915 340 976 dat
353 916 480 976 latratos
495 917 582 977 obvia
595 917 685 975 turba
702 916 839 989 cibos,·
887 934 890 939 ·

173 1001 251 1058 Esse
265 1005 353 1078 putas
368 1000 514 1077 cynicum
530 998 702 1077 deceptus
692 1000 824 1077 imagine
837 997 925 1062 ficte

214 1081 283 1141 Non
297 1087 346 1141 est
358 1082 409 1142 hic
424 1083 573 1180 Cynicus,
596 1082 722 1142 cosme:
747 1080 821 1168 quid
834 1081 932 1160 ergo?
955 1081 1054 1145 Canis.

565 1215 642 1278 LIV.
736 1240 738 1242 ·

174 1328 200 1386 0
217 1346 265 1387 cur
256 1326 430 1408 Tarpeius
443 1327 533 1389 licuit
545 1329 725 1406 contingere
740 1333 872 1407 quercus

176 1411 255 1470 Et
269 1413 393 1472 meritas
407 1414 506 1493 prima
520 1414 644 1491 cingere
659 1410 771 1471 fronde
786 1430 904 1489 comas,

174 1494 208 1554 Si
222 1497 318 1575 sapis.
340 1499 436 1556 utaris
449 1497 540 1574 totis,
560 1492 705 1572 Golhne,
720 1494 880 1563 diebus

214 1578 453 1658 Extremumque
467 1581 524 1639 tibi
539 1597 661 1659 semper
675 1577 784 1638 edesse
799 1585 909 1659 putes..

152 1663 326 1723 5Laniiicas
341 1662 421 1723 nulli
433 1671 500 1724 tres
515 1681 643 1723 exorare
657 1660 777 1743 puellas
878 1683 881 1687 ·

217 1746 372 1825 Contigit:
394 1749 557 1808 observant
572 1765 661 1826 quem
675 1752 812 1807 statuere
828 1745 920 1807 diem
939 1778 940 1783 1

173 1831 304 1890 Divitior
319 1833 449 1912 Crispo,
471 1831 609 1891 Thrasea
623 1831 812 1891 constantior
824 1831 897 1910 ipso·
1007 1849 1009 1854 ·

215 1914 341 1975 Lautior
357 1922 390 1975 et
408 1915 507 1975 nitido
524 1916 565 1974 sis
579 1913 713 1975 Meliore
728 1912 819 1973 licet:

174 1996 224 2057 Nil
240 1996 333 2057 adicit
346 2001 442 2078 penso
456 1999 602 2057 Lachesis
616 1998 761 2075 fusosque
776 1997 916 2064 sororum
954 2049 960 2061 ,
978 2044 981 2052 ι

133 2092 167 2142 10
215 2078 357 2159 Explicat
371 2089 404 2142 et
417 2100 540 2162 semper
555 2080 594 2141 de
608 2081 709 2141 tribus
721 2099 781 2140 unu
794 2088 893 2170 secat..
950 2123 953 2127 -

572 2226 636 2288 LV.

174 2340 265 2417 Luci,
288 2338 385 2419 gloria
397 2346 571 2419 temporum
585 2349 723 2415 tuorum,

175 2424 234 2499 Qui
248 2425 356 2485 Gaium
371 2431 509 2507 peterem
524 2425 702 2503 Tagumque
716 2430 854 2484 nostrum

174 2509 268 2588 Arpis
283 2508 397 2569 cedere
412 2513 474 2568 noh
489 2510 563 2569 sinis
578 2508 720 2569 disertis:

175 2592 301 2670 Argivus
317 2599 479 2671 generatus
491 2594 573 2652 inter
587 2594 680 2652 urbes

154 2675 301 2738 5Thebas
317 2677 450 2736 carmine
465 2683 568 2737 cantet
583 2684 616 2736 et
628 2676 792 2754 Mycenas,

173 2761 237 2818 Aut
250 2756 362 2818 claram
376 2759 507 2819 Rhodon
521 2768 572 2819 aut
584 2759 767 2825 libidinosae
889 2797 890 2800 =

173 2841 310 2902 Ledaeas
319 2842 570 2905 Lacedaemonos
584 2842 759 2923 palaestras.
862 2834 863 2840 ¹

175 2926 237 2987 Nos
252 2924 350 2985 Celtis
365 2927 484 3004 genitos
500 2933 532 2986 et
547 2944 585 2985 ex
599 2927 725 2987 Hiberis
751 2995 758 3001 ,

174 3010 304 3070 Nostrae
318 3012 440 3069 nonina
455 3008 578 3089 duriora
590 3015 695 3070 terrac
819 3040 820 3043 ¹

134 3096 271 3157 lOGrato
286 3113 348 3153 uon
361 3093 475 3174 pudeat
489 3094 610 3153 referre
624 3112 730 3153 versu:

55 3199 57 3203 ·
175 3181 271 3239 Saevo
285 3177 411 3238 Bilbilin
427 3178 569 3257 optimam
584 3175 724 3253 metallo,

176 3265 259 3338 Quae
274 3263 369 3323 vincit
382 3259 597 3341 Chalybasque
610 3261 817 3338 Noricosque,

175 3348 217 3408 Et
229 3347 314 3407 ferro
328 3347 464 3406 Plateam
479 3365 533 3405 suo
547 3349 721 3418 sonantem,
823 3376 825 3382 ·

177 3430 272 3506 Quam
284 3432 380 3491 fluctu
393 3431 495 3508 muni,
518 3427 574 3489 sed
589 3428 726 3503 inquieto
