2264 3786
55 192 116 291 uas
372 193 758 263 murmuramus

533 396 598 460 XO.

136 511 231 571 laetat
244 507 436 589 inaequalem
451 509 558 571 Matho
572 526 620 567 me
635 506 748 578 feoisse
760 502 917 567 libellum:

180 584 213 654 Si
227 612 331 654 verum
346 599 410 670 est,
429 592 536 654 laudat
555 592 688 651 earmina
701 595 808 648 nostra
821 589 943 655 Matho.

137 675 290 756 Aequales
305 675 520 738 scribitllbros
536 673 701 759 Cluuienus
716 678 748 731 et
761 672 887 734 Umber.

178 759 323 840 Aequalis
334 758 415 820 liber
430 767 493 839 est,
515 760 655 835 oratioe,
677 755 731 834 qui
744 753 841 816 malus
855 763 925 818 eat„

529 894 606 958 xcl.
721 960 723 966 ,

136 1006 182 1067 De
197 1011 302 1065 nostro
315 1004 446 1066 facunde
462 1007 535 1085 tibi,
549 1005 714 1084 luvenalis,
728 1002 828 1083 agello

179 1087 393 1149 Saturnalicias
407 1090 568 1168 mittimus,
590 1106 680 1167 eece,
700 1107 805 1150 nuces.
837 1112 850 1129 ⁸
870 1134 876 1145 .

125 1172 250 1232 'Cetera
261 1169 383 1232 lascivis
398 1170 521 1233 donavit
533 1169 750 1254 pomupnellis
855 1206 863 1217 κ

44 1324 48 1329 ,
134 1280 140 1293 r
177 1254 316 1315 Mentula
330 1256 465 1317 custodis
477 1255 632 1317 luxuriose
647 1255 707 1316 dei.

520 1390 610 1451 xcss.

138 1496 193 1576 „Si
208 1497 280 1576 quiri
295 1518 370 1578 opus
383 1499 495 1578 fuerit,
516 1501 575 1561 sois
590 1519 713 1562 menon
728 1518 797 1560 esse
810 1496 999 1579 rogandum“

179 1581 247 1641 Uno
262 1582 309 1642 bis
322 1581 416 1659 dicis,
437 1584 585 1665 Boouata,
605 1589 717 1663 terque
732 1582 792 1645 die.

138 1663 284 1743 Appellat
297 1664 397 1745 rigida
410 1667 508 1727 tristis
523 1686 660 1745 morose
675 1664 848 1727 Secundus:
883 1686 891 1699 ’
997 1719 1001 1724 .

179 1748 291 1831 Audis,
313 1756 346 1810 et
358 1751 476 1829 nescis,
497 1751 645 1826 Baccara,
666 1749 737 1829 quid
751 1751 792 1810 sit
804 1768 890 1830 opus.

116 1829 250 1892 5Pensio
265 1839 297 1893 te
313 1853 416 1894 eorum
428 1835 544 1920 petitur
560 1833 704 1913 clareque
717 1832 894 1913 palamque:
945 1832 959 1889 ’.

178 1913 291 1994 Audis,
312 1922 344 1976 et
356 1918 473 1992 nescis,
491 1918 638 1994 Baccara,
661 1915 734 1995 quid
748 1917 790 1977 sit
803 1934 889 1996 opus.

136 1997 213 2059 Esse
228 2017 341 2077 queror
356 1998 531 2079 gelidasque
546 2001 619 2060 milri
635 2001 784 2077 tritusque
798 1997 955 2058 lacernas:

179 2080 292 2159 Audis,
313 2087 346 2141 et
358 2084 476 2158 neseis,
497 2083 644 2159 Baccara,
667 2083 741 2160 quid
754 2083 795 2142 sit
809 2100 895 2161 opus.

137 2164 205 2224 Hoc
220 2181 295 2243 opus
310 2170 375 2241 est,
396 2165 496 2225 subito
510 2166 564 2224 tias
576 2171 611 2226 ut
626 2165 729 2226 sidere
744 2171 861 2241 motus,

96 2256 131 2308 10
177 2246 288 2306 Dicere
305 2266 344 2308 ne
360 2249 477 2329 possis,
497 2248 645 2328 Baccara,
667 2248 741 2328 quid
756 2250 797 2308 sit
811 2262 898 2328 opus.-

513 2395 616 2458 xclll.

63 2494 70 2519 ⁵
137 2507 265 2585 Narnia,
288 2504 454 2587 sulphureo
471 2527 560 2587 quum
574 2509 694 2587 gurgite
709 2505 855 2568 candidus
869 2507 965 2567 amnia
1094 2540 1096 2544 ·

180 2591 315 2669 Circuit,
337 2591 462 2671 ancipiti
475 2594 525 2652 vix
540 2590 676 2652 adeunda
690 2593 778 2671 iugo,

137 2672 218 2748 Quid
233 2679 295 2732 tum
306 2691 398 2752 saepe
412 2694 511 2736 meum
525 2677 614 2747 nobis
629 2675 781 2736 abducere
795 2671 947 2750 Quintum

179 2756 227 2814 To
239 2756 323 2815 iuvat
336 2761 369 2815 et
381 2755 467 2817 lenta
482 2757 649 2818 detinuisse
663 2757 770 2818 morai

116 2835 220 2915 5Qnial
232 2839 415 2898 Nomentani
430 2860 547 2899 causum
562 2843 637 2901 mihi
650 2839 756 2921 perdis
770 2837 879 2919 agelli,

178 2922 311 3000 Propter
325 2921 456 2982 vicinum
471 2925 522 3002 qui
535 2926 689 3002 pretiosus
703 2925 794 2984 eruti
1014 2974 1016 2979 .

138 3004 201 3065 Sed
213 3005 272 3063 iam
284 3021 377 3084 parce
391 3007 481 3080 milri,
502 3025 561 3066 nee
574 3009 715 3082 abutere,
737 3008 866 3084 Narnia,
887 3005 1016 3081 Quinto:
1091 3022 1099 3034 ’

178 3089 333 3169 Perpetuo
348 3084 442 3150 liceat
457 3091 500 3150 sic
512 3092 570 3150 tibi
583 3097 678 3171 ponte
695 3091 766 3154 frui.

534 3222 641 3286 xclv.

42 3326 46 3333 ’
138 3334 331 3411 Unguentum
344 3334 463 3412 fuerat,
484 3331 566 3411 quod
579 3352 658 3413 onyx
671 3332 760 3394 modo
775 3353 866 3414 parra
881 3334 1021 3410 gerebat:

180 3415 294 3478 Olieolt
305 3424 466 3497 postquam
479 3416 618 3498 Pupilua‚
635 3434 725 3497 eoae,
744 3436 848 3496 garum
865 3423 922 3478 est.
