2264 3786
203 166 210 184 '
244 272 247 277 ⁴
287 180 624 255 nuremmmrou
637 189 710 252 um.
726 190 778 254 w.
836 175 868 227 ·.
1011 188 1051 252 oa

500 340 576 401 XLI.

109 456 189 537 Quid
203 457 388 518 recitaturus
405 454 574 519 circumdas
588 454 707 517 vellera
721 450 826 516 collo?
890 474 894 482 ·
910 466 914 475 '

149 541 345 604 Conveniunt
356 542 472 603 nostris
487 540 610 600 auribus
624 541 684 601 ista
700 542 803 619 magis.

494 673 584 737 XLII.

108 786 142 847 Si
156 786 223 866 quis
239 752 322 847 iorte
335 785 411 845 mihi
423 787 522 865 possit
534 788 693 865 praestare
707 787 844 864 roganti,
866 796 868 803 ⁴

150 868 246 948 Audi,
267 887 356 948 quem
370 878 515 948 puerum,
535 869 665 946 Flacca,
686 887 797 947 rogare
811 869 913 934 velim.
1001 889 1007 895 ’

107 953 231 1013 Niliacis
244 954 375 1032 primum
387 970 465 1032 puer
482 953 533 1012 hic
547 959 690 1013 nascatur
707 954 739 1012 ln
754 954 831 1013 oris:

149 1037 307 1115 Nequitias
322 1033 417 1095 tellus
434 1037 493 1096 scit
507 1035 581 1096 dare
595 1035 680 1096 nulla
694 1037 797 1114 magis.

86 1119 157 1182 asir
170 1120 238 1179 nive
254 1116 429 1179 candidior:
447 1139 577 1198 namque
592 1121 624 1178 in
638 1119 814 1180 Mareotide
829 1121 915 1180 fusca

149 1202 313 1264 Pulchrior
327 1209 390 1279 est,
412 1211 524 1281 quanto
538 1205 638 1263 rarior
650 1205 710 1263 iste
726 1201 820 1264 color.

107 1288 234 1347 Lumina
249 1286 400 1347 sideribus
416 1292 538 1346 certent
552 1285 721 1364 mollesque
735 1285 896 1365 flagellent
1022 1282 1023 1287 ’

149 1369 239 1432 Colla
253 1388 371 1430 comae:
392 1376 489 1430 tortas
503 1385 564 1430 non
581 1388 662 1447 amo,
682 1368 809 1447 ulcere,
832 1391 941 1434 comas.

79 1502 83 1514 .
106 1453 207 1514 Frons
222 1455 323 1513 brevis
338 1459 429 1532 atque
444 1451 551 1513 modus
564 1451 678 1514 leviter
693 1454 733 1512 sit
748 1455 872 1515 naribus
888 1456 990 1531 uncis,

65 1550 100 1601 10
148 1538 306 1597 Paestanis
323 1539 453 1601 rubeant
468 1535 586 1597 aemula
598 1535 685 1597 labra
702 1538 797 1615 rosis,

107 1621 206 1701 Saepe
221 1628 253 1680 et
266 1618 424 1681 uolentem
439 1627 526 1700 cogat
539 1619 679 1700 nolitque
695 1619 863 1699 volentem,

147 1706 290 1765 Liberior
305 1703 426 1764 domino
441 1723 532 1785 saepe
546 1702 656 1765 sit'ille
674 1725 745 1777 suaa

106 1789 147 1848 Et
161 1790 269 1849 timeat
282 1806 412 1868 pueros,
434 1787 574 1848 excludat
588 1807 680 1868 saepe
695 1786 832 1867 puellas:
917 1814 923 1821 ’

147 1873 204 1934 Vir
217 1871 362 1949 reliquis,
383 1873 435 1931 uni
450 1873 491 1932 sit
501 1870 580 1951 puer
593 1870 650 1931 ille
665 1871 748 1931 mihi.

64 1957 187 2035 15„Iam
199 1957 273 2032 scio,
287 1974 346 2015 nec
355 1953 465 2016 falles:
479 1974 548 2015 uam
561 1975 609 2015 me
622 1964 743 2034 quoque
758 1953 859 2015 iudice
872 1973 976 2015 verum
988 1962 1050 2015 est:
1100 1950 1103 1961 '

148 2037 235 2100 Talis
252 2039 340 2098 erat“
354 2036 431 2100 dicis
445 2047 574 2119 „noster
589 2039 819 2100 Amazonicus.“
865 2073 868 2089 ι

483 2172 588 2237 XLIII.

104 2284 172 2344 Non
188 2284 272 2363 dlxi,'
288 2286 453 2363 Coracine,
473 2292 505 2346 te
520 2286 696 2347 cinaedum:

104 2368 173 2427 Non
187 2388 252 2449 sum
267 2375 328 2428 tam
343 2371 528 2433 temerarius,
538 2388 596 2429 nec
611 2368 723 2446 audax,

103 2453 168 2512 Nec
182 2451 339 2513 mendacia
355 2455 406 2531 qui
423 2453 532 2532 loquar
546 2452 692 2515 libenter.

105 2535 137 2594 Si
152 2535 231 2613 dlxi,
254 2537 421 2611 caraune,
442 2544 474 2596 te
490 2535 665 2613 cinaedumq

84 2618 216 2680 olratam
230 2621 305 2679 mihi
321 2619 450 2680 Pontiae
463 2617 619 2698 lagonam,

78 2746 82 2755 .
103 2703 215 2762 iratum
233 2702 359 2764 calicem
373 2704 448 2763 mihi
463 2699 581 2762 Metili:

102 2786 171 2845 Iuro
185 2805 243 2866 per
258 2788 363 2866 Syrios
377 2788 434 2846 tibi
448 2793 600 2866 tumores,

104 2868 174 2928 Iuro
188 2888 248 2949 per
261 2871 461 2949 Berecyntios
479 2871 612 2933 furores.

104 2952 193 3028 Quod
207 2953 270 3014 dixi
284 2962 410 3032 tamem·
422 2956 480 3014 hoc
496 2953 567 3015 leve
582 2963 614 3015 et
626 2952 786 3035 pusillum,
804 2982 807 2986 ·
826 2976 827 2984 ¹

64 3034 193 3112 loQuod
206 3044 313 3098 notum
328 3045 392 3115 est,
415 3038 496 3117 quod
511 3048 544 3098 et
558 3041 626 3120 ipse
636 3059 701 3100 non
714 3039 857 3119 negabis,

96 3120 172 3182 ‘Dixi
185 3127 233 3201 te,
256 3122 422 3201 coracino,
444 3122 661 3202 cunnIIIngum.

478 3256 585 3320 XLIV.
634 3280 638 3284 ’

103 3352 163 3411 llic
181 3359 231 3412 est
242 3356 412 3434 pampineis
425 3355 534 3414 viridis
548 3355 637 3415 modo
652 3354 781 3415 Vesvius
793 3351 923 3429 umbris,

146 3436 310 3498 Presserat
323 3439 374 3499 hic
388 3436 526 3499 madidos
543 3437 654 3498 nobilis
669 3457 724 3497 uva
739 3435 832 3497 lacus
