2264 3786
296 208 629 271 nrlonnMMriron
641 210 714 273 LlB.
729 212 780 276 lv.
1006 212 1047 280 97

68 324 267 425 laidi-morum
282 361 352 422 Salo
368 369 557 444 temperator
571 364 680 422 ambit.

109 430 311 524 Tutelamque
331 447 501 525 chorosque
517 448 723 526 Rixamarum,
783 448 787 467 ⁶

69 530 148 590 nt
162 531 296 589 convivia
310 528 389 588 festa
408 530 611 608 Carduarum,

107 613 253 672 attextis
267 613 414 673 Peternm
427 615 506 675 rosis
520 615 698 690 rubentem,

107 685 208 774 Atque
224 696 347 774 antiqua
359 703 478 775 patrum
492 699 613 757 theatra
626 697 733 775 Rigas,

64 781 146 841 20Et
160 786 261 839 certos
274 777 372 839 iaculo
388 778 449 840 levi
467 780 580 857 Silaos,

108 862 318 942 Turgontique
332 860 416 923 lacus
430 864 651 943 Perusiacqnc,

41 969 47 979 ·
107 947 148 1005 Et
161 964 272 1026 parvae
287 944 363 1005 vada
376 966 453 1026 pura
467 948 664 1025 Vetonissae,

106 1030 147 1089 Et
163 1035 298 1089 sanctum
312 1029 480 1090 Buradonis
493 1030 646 1109 ilicetum,

105 1103 167 1172 Per
181 1113 262 1192 quod
278 1111 371 1172 vel
340 1133 428 1193 prger
442 1112 575 1175 ambulat
587 1117 700 1188 viator3

63 1196 145 1257 satit
160 1215 235 1275 quae
249 1197 380 1256 fortibus
395 1195 529 1257 excolit'
520 1199 665 1257 iuvencis

63 1269 224 1340 Curvae
238 1278 372 1340 Manlius
389 1301 458 1340 arva
472 1281 659 1342 Vatlreseae.

105 1363 190 1422 llaec
202 1371 264 1423 tam
277 1359 405 1439 rusiica,
429 1362 559 1423 delicate
575 1363 688 1440 lector,

105 1445 199 1506 Rides
213 1447 353 1506 nomina?
374 1408 475 1507 rideas
489 1446 605 1515 licebit.

106 1529 190 1589 Haec
204 1536 265 1589 tam
278 1530 391 1591 rustica
403 1529 499 1608 malo,
520 1550 608 1610 quam
620 1531 779 1596 Butuntos.
820 1588 823 1594 .

421 1765 425 1775 ¹
492 1692 568 1754 uvi.

105 1811 331 1894 Munera'qnod
345 1817 469 1876 senibus
482 1816 641 1895 viduisque
655 1818 790 1894 ingentia
804 1820 898 1878 mittis

145 1900 200 1962 Vis
214 1905 246 1959 te
261 1900 450 1978 munitio'um,
472 1899 662 1979 Gargilianc,
683 1901 809 1960 vocem?

104 1981 262 2043 Sordidius
275 1982 354 2042 nihil
366 1991 429 2062 est,
450 1980 529 2043 nihil
544 1990 636 2044 ostie
651 1985 788 2064 spurcius
802 2005 878 2062 uno,

146 2067 205 2142 Qui
217 2071 306 2145 potes
322 2066 448 2128 insidias
465 2067 545 2128 dona
557 2087 666 2128 vocare
680 2076 757 2129 tuas.

80 2149 155 2210 osio
171 2148 265 2210 avidis
280 2149 371 2210 fallax
384 2150 524 2231 indulget
537 2153 673 2231 piscibus
690 2153 811 2231 bamus,

148 2232 304 2293 Callida
279 2253 323 2293 sic
338 2233 448 2295 stultas
463 2235 578 2316 decipit
593 2255 663 2296 esca
678 2236 773 2302 ieras

105 2316 186 2393 Quid
200 2318 241 2376 sit
253 2314 377 2395 largiri,
395 2317 472 2403 quid
486 2321 526 2379 sit
540 2318 672 2397 donare,
693 2319 827 2396 docebo,

134 2400 178 2459 Si
193 2402 309 2460 nescis.
329 2386 424 2481 dona,
447 2401 637 2481 Gargiliane,
657 2403 741 2465 mihi.

480 2565 570 2630 LVII.

101 2687 177 2746 Dum
192 2707 248 2747 nos
263 2685 373 2748 blanda
386 2694 495 2749 tenent
507 2689 611 2751 lascivi
625 2696 729 2770 stagna
742 2690 866 2751 Lucrini
947 2686 953 2695 ’

143 2772 184 2830 nt
199 2790 274 2849 quae
288 2773 435 2853 pumiceis
448 2773 584 2833 fontibus
599 2782 685 2834 antra
698 2773 817 2852 calent,

102 2854 150 2914 Tu
164 2852 241 2914 colis
255 2856 349 2934 Argei
363 2874 505 2934 regnum,
526 2858 690 2934 Faustino,
713 2857 830 2936 coloni,

141 2939 208 3014 Quo
224 2939 319 2998 tabis
334 2938 468 3000 decimus
482 2940 566 3001 ducit
580 2943 617 3000 ab
633 2942 709 3001 urbe
724 2941 809 3022 lapis.

77 3019 236 3081 5Horr1da
249 3021 305 3082 sed
317 3021 439 3083 fervent
452 3024 595 3084 Nemeaei
606 3029 733 3103 pectora
746 3028 888 3102 monstri,
956 3036 959 3040 ’

140 3105 204 3165 Nec
218 3108 291 3166 satis
306 3111 369 3182 est,
390 3107 500 3168 Baias'
490 3124 562 3186 igne
577 3106 680 3168 calere
694 3128 758 3170 sno.

98 3188 181 3267 Ergo
198 3208 277 3249 sacri
268 3189 391 3249 sontes
406 3199 438 3250 et
451 3188 544 3250 litora
559 3197 644 3268 grata
657 3190 773 3268 valeto,

140 3272 345 3352 Nympharum
357 3277 474 3354 pariter
487 3273 712 3353 Nereidumque
727 3274 840 3334 domus.
977 3344 984 3355 .

99 3355 270 3416 Herculeos
283 3356 377 3416 eollcs
396 3357 498 3437 gelida
509 3377 562 3418 vos
576 3358 689 3417 vincite
703 3354 823 3429 bruma,
927 3419 932 3425 ,
1052 3404 1057 3416 ,

60 3440 225 3583 loMNune
242 3439 413 3502 Tiburtinis
428 3441 528 3502 cedite
544 3441 719 3519 frigoribus.
820 3520 843 3583 Ἰ

136 3541 196 3582 aar
802 3574 805 3579 .
