2264 3786
1 268 4 274 ,
90 236 129 298 18
384 235 454 328 n.
469 235 560 298 vnn.
577 232 806 303 MARTIALIS.

549 437 659 498 XXXI.¹

173 551 237 610 llos
252 547 325 625 tibi,
345 548 486 626 Phoebe,
507 556 597 609 voret
610 556 693 609 totos
708 548 857 607 avertice
873 549 976 608 crines

214 630 385 711 Encolpos,
407 631 522 693 domini
536 634 724 693 centurionis
739 647 833 692 amor.

173 715 403 777 GratuPudens
418 719 522 783 meriti
534 717 643 776 tulerit
658 735 725 774 oum
738 715 873 795 praemia
891 713 964 793 pili,

213 802 308 878 Quam
322 801 453 878 primum
466 799 588 878 longas,
609 800 752 875 Phoebe,
773 797 878 857 recide
894 818 1012 877 eomas,

29 918 35 937 a
122 891 123 895 ’
150 886 249 946 5Dum
263 881 347 942 nulla
360 884 463 942 teneri
477 881 605 942 sordent
617 882 760 959 lanugine
775 878 876 941 voltus

212 968 351 1044 Dumque
368 965 481 1025 decent
496 966 581 1025 fusae
595 965 695 1026 lactea
710 962 790 1024 oolla
803 966 910 1039 iubae3

171 1053 274 1127 thue
288 1045 349 1108 tuis
368 1046 493 1127 longum
507 1049 707 1127 dominusque
722 1066 862 1130 puerque
876 1049 1022 1109 fruantur-'-

212 1133 409 1210 Muneribus,
426 1138 547 1193 tonsum
559 1134 608 1192 fao
625 1134 703 1213 cito,
724 1151 795 1193 sero
810 1132 918 1192 virum.

541 1266 663 1328 XXXII.

172 1380 240 1438 Non
254 1400 320 1439 amo
335 1388 382 1456 te,
404 1376 525 1456 Sabidi,
545 1398 604 1439 nec
612 1398 741 1462 possum
757 1377 862 1438 dicere
879 1397 992 1458 quare:

215 1464 283 1524 Hoo
297 1470 414 1523 tantum
430 1483 552 1544 possum
567 1463 688 1542 dicere,
708 1482 771 1523 non
785 1482 849 1522 amo
861 1469 903 1522 te.

536 1596 670 1658 XXXIII.

175 1711 326 1770 Amissum
339 1731 400 1770 non
415 1713 471 1771 flet
484 1731 550 1771 cum
565 1711 632 1773 sola
646 1719 694 1772 est
708 1710 811 1772 Gellia
823 1718 961 1791 patrem,

134 1843 136 1846 Α
214 1795 246 1854 Si
261 1796 329 1873 quis
344 1795 447 1873 adest,
468 1797 568 1856 iussae
584 1797 749 1878 prosiliunt
764 1794 920 1858 lacrimae.

170 1879 238 1938 Non
253 1876 340 1955 luget
356 1881 492 1959 quisquis
507 1878 643 1959 laudari,
666 1878 784 1955 Gellia,
808 1882 945 1958 quiebit,

214 1960 272 2020 Ille
288 1961 373 2023 dolet
387 1981 476 2040 vere,
500 1965 551 2040 qui
566 1965 632 2022 sine
647 1969 729 2023 teste
744 1960 838 2025 dolet.

533 2109 671 2175 XXXIV.

172 2221 366 2282 Incustoditis
382 2228 414 2280 'et
429 2224 560 2302 opertis,
580 2223 708 2301 Lesbia,
727 2242 848 2302 semper

213 2306 381 2365 Liminibus
395 2324 504 2384 peccas
518 2325 576 2366 uec
590 2315 642 2366 tua
654 2308 737 2367 furta
756 2309 852 2386 tegis,

170 2390 212 2448 Et
226 2388 293 2468 plus
309 2395 464 2469 spectator
479 2391 566 2468 quam
581 2397 613 2450 te
627 2389 763 2450 delectat
779 2391 900 2451 adulter

214 2473 278 2532 Nec
295 2480 366 2533 sunt
380 2481 465 2551 grata
480 2475 537 2533 tibi
550 2473 658 2554 gaudia
672 2477 697 2533 si
713 2495 771 2552 qua
783 2473 890 2533 latent.
944 2492 951 2503 ·

152 2557 217 2616 5At
232 2559 378 2616 meretrix
393 2559 487 2636 abIgit
500 2565 611 2618 testem
626 2557 757 2637 veloque
773 2575 903 2636 seraque

214 2639 354 2718 Raraque
368 2640 544 2701 Summoeni
557 2644 676 2702 fornice
690 2645 876 2722 rimapatet.

173 2724 199 2781 A
215 2724 334 2782 Chione
353 2722 458 2785 saltem
473 2722 523 2782 vel
538 2727 574 2785 ab
591 2725 661 2785 Iade
677 2725 761 2784 disce
776 2725 940 2804 pudorem:
1027 2736 1031 2742 ’

107 2803 115 2808 “
212 2805 412 2866 Abscondunt
426 2826 550 2885 spurcas
565 2814 597 2866 et
611 2810 795 2868 monimenta
813 2807 909 2888 lupas.

172 2888 326 2969 Numquid
340 2889 415 2949 dura
428 2891 485 2949 tibi
499 2891 623 2950 nimium
639 2910 767 2951 censura
780 2891 924 2951 videtur?

133 2986 165 3035 10
198 2972 372 3055 *Deprendi
386 2979 455 3033 veto
469 2981 519 3052 te,
540 2973 667 3051 Lesbia,
688 2995 749 3034 uon
765 2976 851 3034 futui.

541 3106 663 3168 XXXV.

173 3222 288 3281 Versus
304 3221 441 3279 scribere
456 3238 504 3280 me
518 3240 623 3300 parum
639 3239 762 3281 seueros

172 3303 237 3363 Nec
255 3323 329 3383 quos
343 3301 503 3383 praelegat
517 3306 548 3362 ln
565 3303 668 3362 schola
682 3305 841 3383 magister,

174 3388 313 3465 Corneli,
337 3388 502 3466 quererisr'
514 3386 569 3446 sed
586 3388 618 3446 hi
632 3387 748 3466 libelli,

174 3470 331 3547 Tanquam
347 3472 524 3549 coniugibus
539 3472 601 3531 suis
616 3475 731 3550 manill,
