2264 3786
292 151 624 258 ncrammmuon
638 198 712 260 ma.
726 199 763 262 v.
832 283 840 290 ‚
978 168 1039 260 roo

143 347 305 408 Praeferat
318 350 456 427 antiquos
471 367 593 428 semper
606 355 640 410 ut
653 349 707 410 illa
720 352 815 412 novis.
889 357 892 375 '

82 432 159 493 5Sic
170 438 307 492 veterem
322 434 433 508 ingrati
447 433 573 512 Pompei
588 436 758 510 quaerimus
772 435 922 511 umbram,

142 515 194 575 Sic
208 514 334 575 laudant
348 514 447 574 Catuli
461 514 533 574 vilia
546 517 659 596 templa
671 535 769 577 senes.

101 599 219 659 Ennius
234 605 283 658 est
295 597 394 657 l'ectus
409 597 491 658 salvo
505 600 577 676 tibi,
600 600 709 677 Roma,
730 600 859 660 Marone

141 683 184 742 Et
197 702 250 742 sua
263 683 397 741 riserunt
411 682 531 741 saecula
543 682 744 743 Maeoniden:
761 734 763 739 ,

100 766 181 826 Raro
195 773 340 826 coronato
352 764 495 845 plausere
510 767 631 825 theatro
644 764 832 842 Menandro,

61 859 94 911 lo
140 849 237 908 Norat
250 849 400 909 Nasonem
414 848 479 908 sola
494 850 627 909 Coriuna
641 869 735 911 suum.

101 934 165 994 Vos
180 937 298 1008 tamen,
320 952 336 991 o
353 934 450 991 nostri
463 951 503 991 nc
517 933 662 992 festinate
675 929 792 992 libelli:

147 1015 181 1074 Si
196 1022 267 1094 post
279 1015 342 1076 fata
356 1017 439 1075 venit
454 1015 567 1094 gloria,
587 1026 649 1075 nou
664 1013 807 1096 propero.

431 1175 552 1247 ⁴ill.

105 1286 332 1364 Sardonychas,
353 1285 544 1365 zmaragdos,
567 1272 754 1365 adamantes,
775 1285 906 1366 iaspidas
920 1305 978 1346 uno

144 1372 257 1432 Versat
269 1371 302 1428 in
316 1370 444 1429 articulo
463 1370 573 1448 Stella,
596 1369 727 1449 Severe,
747 1389 841 1430 meus.

102 1452 217 1513 Multas
227 1454 264 1511 iu
279 1452 396 1531 digitis,
418 1451 524 1532 plures
540 1455 573 1513 iu
586 1455 718 1513 carmine
734 1472 864 1531 gemmas

117 1579 124 1586 -
144 1538 297 1596 Invenies:
316 1536 388 1595 inde
403 1543 451 1596 est
463 1538 555 1616 haec,
575 1543 667 1617 puto,
689 1535 771 1598 culta
784 1557 896 1598 manns.

499 1697 563 1761 XII.

104 1813 193 1892 Quod
206 1811 342 1872 nutantia
354 1809 458 1868 fronte
471 1809 622 1888 perticata

103 1898 212 1957 Gestat
224 1892 361 1975 pondera
374 1891 541 1952 Masthlion
555 1887 719 1970 superbus,

103 1983 166 2040 Aut
179 1978 302 2058 grandis
315 1976 411 2036 Ninus
427 1976 565 2035 omnibus
578 1973 704 2034 lacertis

104 2065 230 2149 Septem
244 2058 326 2142 quod
340 2057 548 2139 pueros'levut
561 2055 611 2118 vel
625 2063 710 2136 octo,

83 2149 168 2207 5Res
181 2166 244 2207 nou
256 2143 391 2204 difficilis
405 2142 479 2201 mihi
492 2141 631 2219 uidetur,

103 2231 173 2290 Uno
189 2249 256 2289 cum
270 2226 364 2305 digito
378 2223 428 2285 vel
441 2226 516 2303 hoc,
536 2223 587 2285 vel
602 2223 674 2303 illo,

103 2314 214 2373 Portet
231 2310 332 2373 Stella
342 2323 427 2370 meus
441 2308 549 2370 decem
561 2306 689 2389 puellas.

107 2588 195 2665 Sum,
216 2589 333 2666 fateor,
354 2605 536 2668 semperque
549 2585 611 2663 fui,
627 2580 818 2660 Gallianate,
836 2598 967 2661 pauper,

146 2670 210 2731 Sed
223 2691 284 2731 nou
298 2668 458 2750 obscurus,
476 2689 535 2730 nec
549 2667 626 2729 male
641 2671 731 2727 notus
744 2682 855 2744 eques,

85 2770 91 2783 ¹
105 2753 169 2814 Sed
181 2761 247 2815 toto
261 2753 350 2833 legor
364 2757 439 2815 orbe
453 2755 601 2833 frequens
617 2758 650 2812 et
663 2749 776 2810 dicitur
791 2749 871 2826 „Hic
884 2746 969 2826 est,“
1095 2780 1103 2795 ι

146 2837 296 2917 Quodque
311 2841 387 2899 cinis
402 2839 523 2918 paucis,
544 2839 603 2898 hoc
618 2835 693 2896 mihi
705 2835 766 2892 vita
779 2831 873 2894 dedit.

83 2922 149 2982 5At
164 2928 216 2981 tua
230 2924 369 2982 centenis
381 2924 559 2984 incumbunt
571 2928 654 2982 tecto
669 2916 816 2978 columnis
891 2922 893 2926 ’
916 2986 919 2991 p

143 3005 185 3066 Et
197 3004 359 3066 libertinas
374 3026 443 3066 arca
456 3005 592 3084 flagellat
605 3022 694 3084 opes,
807 3005 812 3010 “
947 3073 952 3080 .

101 3089 274 3166 Magnaque
288 3087 423 3165 Niliacae
438 3093 532 3150 servit
545 3090 603 3149 tibi
616 3087 705 3166 gleba
720 3086 853 3165 Syenes,
866 3115 869 3119 ·

145 3171 271 3233 Tondet
283 3180 316 3233 et
328 3174 503 3234 innumeros
519 3170 636 3232 Gallica
648 3172 756 3230 Parma
769 3185 887 3248 greges.

103 3255 173 3314 Hoc
188 3273 245 3334 ego
258 3263 352 3335 tuque
367 3276 483 3317 sumus:
505 3255 561 3315 scd
577 3253 658 3334 quod
674 3273 755 3330 sum,
775 3268 837 3310 non
856 3252 945 3330 potes
959 3264 1041 3308 esse:

63 3348 99 3400 10
148 3338 198 3399 Τιι
212 3338 294 3418 quod
308 3358 357 3416 es,
379 3358 397 3400 e
409 3342 522 3423 populo
539 3337 672 3420 quilibet
684 3341 755 3397 esse
765 3340 887 3416 potest.
