2264 3786
90 219 130 281 66
406 217 451 280 Μ.
466 215 555 279 VAL.
570 214 793 277 MAR'I'IALIS

212 370 253 429 Et
266 388 320 429 oor
333 367 539 448 solunianes,
561 364 643 428 solus
656 372 688 427 et
701 368 864 446 ingenium.

152 453 285 513 50muia
299 452 380 512 solus
393 454 488 512 habes
502 485 541 525 -,
556 453 615 511 hoc
630 469 678 510 me
692 459 766 530 puta
779 450 860 510 velle
877 454 1006 530 negare!
1020 487 1063 497 -—

211 537 344 620 Uxorem
361 535 416 598 sed
429 536 539 614 habes,
562 533 714 613 candide,
738 538 804 594 oum
816 532 941 615 populo.

405 656 412 665 '
542 648 707 746 xxvn.*

170 799 328 879 Nunquam
342 818 390 860 me
404 800 555 876 revocas,
566 799 669 858 venias
684 817 750 856 oum
765 814 857 878 saepe
868 802 1006 858 iocatus:

212 884 353 961 Ignosco,
374 880 491 940 nullum
502 883 528 941 si
543 881 647 958 modo,
669 880 775 958 Galle,
796 899 893 941 vooas.

170 967 280 1025 Invitas
294 965 382 1024 alios:
405 966 508 1024 villum
523 969 572 1023 est
586 965 753 1042 utriusque.
781 959 937 1040 „Quod‘.²“
949 964 1060 1044 inquis.

212 1050 253 1110 Et
265 1049 340 1108 mihi
355 1067 408 1117 oor
423 1052 560 1125 nonest,
583 1054 616 1106 et
628 1047 702 1124 tibi,
724 1047 838 1126 Galle,
850 1046 958 1127 pudor.

527 1161 661 1257 uxvuu

169 1313 344 1375 Auriculam
358 1313 459 1374 Mario
475 1315 607 1393 graviter
620 1312 739 1372 miraris
754 1311 848 1376 olere.

210 1398 259 1456 'I'o
271 1397 348 1457 facis
364 1398 439 1458 hoo:
461 1399 575 1477 garris,
596 1396 725 1474 Nestor,
746 1397 778 1456 in
792 1394 964 1456 auriculum.

544 1528 649 1591 XXIX.

168 1644 231 1703 llas
246 1663 313 1706 cum
327 1647 446 1724 gemiua
460 1639 608 1724 compede
621 1640 744 1703 dedicat
757 1647 894 1721 catenas,
930 1678 935 1689 .

169 1728 316 1806 Saturne,
336 1730 394 1791 tibi
408 1728 531 1806 Zoilus,
551 1724 657 1787 anulos
672 1728 802 1807 priores.

545 1874 637 1937 XXX.

169 1983 314 2064 Sportula
326 1983 410 2045 nulla
424 1983 530 2059 datur;
551 1983 645 2061 gratis
660 1985 782 2042 connisa
796 1984 963 2043 recumbis:

209 2069 265 2127 Dio
279 2069 368 2143 mihi,
391 2066 465 2145 quid
477 2065 608 2144 Romae,
629 2064 820 2144 Gargiliane,
840 2067 939 2126 facis?

168 2148 259 2210 Unde
274 2151 332 2209 tibi
345 2149 449 2226 togula
463 2155 557 2208 estet
571 2149 675 2208 fuscae
687 2151 794 2228 pensio
808 2147 929 2210 cellae?

209 2231 300 2293 Unde
316 2231 405 2292 datur
419 2231 592 2311 quadrans?
612 2231 694 2292 uude
708 2233 754 2292 vir
768 2251 801 2292 eo
816 2234 972 2295 Chiones?

147 2316 247 2376 ocum
259 2317 378 2376 ratione
392 2315 468 2376 lieet
481 2315 563 2375 dieas
575 2320 608 2375 te
621 2316 724 2375 vivere
738 2335 867 2395 summa,

129 2440 133 2445 -
210 2398 299 2477 Quod
314 2402 406 2481 vivis,
423 2399 508 2461 nulla
522 2419 589 2461 oum
602 2400 720 2463 ratione
733 2400 818 2459 sacis.

473 2512 477 2518 ’
544 2546 651 2613 xxxi

69 2698 72 2707 ·
167 2664 245 2724 Sunt
258 2664 331 2741 tibi,
353 2663 519 2741 confiteor,
539 2662 643 2724 diffusi
657 2665 763 2742 iugera
775 2666 870 2745 campi

206 2746 383 2824 Urbanique
396 2750 505 2803 teuent
516 2745 641 2824 praedia
654 2746 750 2807 multa
763 2747 861 2824 lares,

165 2830 207 2890 Et
221 2829 317 2888 servit
330 2826 469 2887 dominae
483 2846 660 2888 numerosus
675 2829 797 2890 debitor
812 2851 899 2894 arcae

208 2911 427 2990 Sustentatque
441 2917 507 2973 tuas
520 2929 611 2970 aurea
625 2931 722 2971 massa
736 2911 839 2992 dapes.

144 2994 320 3057 5Fastidire
333 3001 436 3055 tamen
452 2995 530 3071 noli,
550 2994 674 3072 Rufiue,
695 2996 844 3056 minores:
1064 2980 1084 3031 ⁸

207 3079 281 3140 Plus
295 3078 401 3140 habuit
414 3077 577 3157 Didymus,
590 3077 660 3160 plus
673 3079 862 3142 Philomelus
876 3083 979 3145 habet.

533 3228 653 3290 XXXII.

167 3345 215 3404 An
229 3345 343 3423 possIm
357 3340 488 3405 uetulum
504 3344 635 3422 quaeris,
650 3344 812 3406 Matrinio:
833 3367 954 3426 possum

208 3429 249 3490 Et
263 3426 413 3508 vetulam,
434 3427 489 3488 sod
505 3434 539 3488 tu
551 3435 686 3511 mortuo,
707 3449 768 3491 noo
782 3428 885 3533 uetqla
899 3424 942 3496 es.
