2264 3786
90 194 131 254 90

339 178 341 184 ‘
388 190 448 256 n.
466 189 795 255 vauumuumns

172 348 238 409 Vae
253 343 420 424 glabraria‚
441 363 495 404 vae
509 345 567 404 tibi
580 342 701 404 misella
707 322 722 402 ιΙ
813 333 816 337 ’

174 428 292 491 Nudam
304 436 337 489 te
354 434 468 489 statuet
481 435 551 495 tuus
565 427 732 508 Lupercus.

550 560 658 624 xxix.
739 539 742 543 ’

175 675 299 752 Obstat,
320 693 391 735 care
404 674 543 754 Pudens,
564 677 678 736 nostris
693 695 746 735 sua
759 678 855 738 turbo>
863 674 979 753 libellis

214 759 438 838 Lectoremque
452 761 600 836 frequens
614 758 709 821 lassat
723 764 756 819 et
767 757 878 840 implet
891 779 975 841 opus.

134 892 136 897 .
172 843 251 902 Rara
264 845 382 902 iuvant:
401 844 508 921 primis
522 845 566 902 sic
577 844 673 902 maior
687 844 784 920 gratia
797 845 912 923 pomis,

215 927 372 985 Hibernae
384 928 518 1004 pretium
533 926 577 985 sic
591 944 734 987 meruere
747 945 853 1001 rosae3

149 1009 225 1070 osio
242 1007 450 1087 spoliatricem
464 1008 655 1068 commendat
667 1009 764 1071 fastus
778 1011 919 1089 amicam,

214 1092 304 1151 Ianua
317 1110 375 1151 nec
388 1093 527 1151 iuvenem
541 1110 664 1173 semper
679 1100 784 1173 aperta
797 1100 894 1155 tenet.
943 1128 946 1132 ·

174 1175 301 1254 Saepius
314 1177 347 1235 in
360 1173 441 1235 libro
456 1182 632 1236 numeratur
645 1176 770 1237 Persius
784 1197 860 1255 uno,
1019 1181 1022 1186 ’

181 1297 184 1304 ·
215 1259 308 1334 Quam
321 1260 396 1320 levis
410 1260 520 1319 intota
535 1260 656 1320 Marsus
669 1260 863 1321 Amazonlde.
942 1303 945 1308 ¹

174 1342 223 1402 Τιι
239 1362 359 1422 quoque
374 1343 412 1402 de
426 1345 540 1403 nostris
554 1343 675 1421 releges
691 1343 1043 1424 quemcunque-libellis,

132 1436 166 1487 10
212 1427 289 1487 Esse
303 1434 376 1506 puta
390 1425 501 1486 solumz
523 1428 567 1486 sic
577 1429 638 1487 >tibi
650 1427 749 1508 pluris
763 1429 833 1488 erit.

556 1560 650 1621 XXX.

173 1673 286 1731 Baiano
299 1671 408 1753 procul
424 1671 522 1733 alacu
536 1672 668 1752 recede,

109 1810 111 1814 Α
174 1756 329 1831 Piscator3
350 1757 440 1835 fuge,
461 1775 501 1816 ne
515 1777 630 1818 nocens
644 1754 781 1818 recedas.
876 1811 878 1816 .

174 1840 276 1900 Sacris
289 1842 422 1920 piscibus
437 1842 495 1901 hae
509 1848 653 1901 natantur
666 1836 781 1917 undae,
829 1859 832 1863 ·
888 1856 891 1860 ·
947 1856 948 1859 ’

174 1924 234 1999 Qui
247 1930 360 1984 norunt
374 1923 527 1984 dominum
540 1943 718 2002 manumque
732 1923 868 1984 lambunt

150 2006 275 2084 5lllam5
296 2027 355 2085 qua
369 2006 448 2066 nihil
463 2015 511 2066 est
527 2009 560 2066 in
573 2008 648 2066 orbe
662 2009 766 2067 maius.

104 2142 109 2159 ,
174 2090 270 2166 Quid,
291 2089 374 2168 quod
387 2109 499 2148 nomen
512 2091 628 2149 habent
642 2097 674 2150 et
688 2090 727 2149 ad
740 2093 878 2169 magistri

173 2173 289 2234 Vocem
305 2174 432 2252 quisque
448 2175 495 2232 sui
509 2176 592 2233 venit
606 2174 738 2234 citatus?

174 2257 241 2315 Hoc
256 2254 405 2335 quondam
419 2257 512 2334 Libys
525 2258 635 2336 impius
649 2256 819 2336 profundo,

173 2340 251 2399 Dum
264 2338 409 2420 praedam
426 2339 539 2400 calamo
554 2347 709 2400 tremente
724 2338 823 2419 ducit,

133 2424 278 2504 10Raptis
292 2422 456 2484 luminibus
471 2431 604 2504 repente
618 2444 726 2485 caccus
817 2434 823 2445 ‘

174 2508 302 2587 Captum
315 2528 377 2568 nou
390 2511 491 2588 potuit
504 2509 610 2569 videre
623 2511 755 2588 piscem,
851 2554 853 2560 .
885 2547 890 2552 -

171 2591 213 2650 lit
226 2611 305 2651 nunc
320 2592 483 2671 sacrilegos
497 2612 626 2673 perosus
640 2595 744 2653 hamos

172 2673 300 2733 Baianos
314 2670 403 2734 sedet
418 2676 455 2734 ad
469 2674 554 2735 lacus
569 2683 702 2753 rogator.

173 2757 219 2815 At·
228 2763 278 2834 tu,
301 2756 372 2815 dum
385 2764 492 2836 potes,
513 2761 662 2817 innocens
675 2757 789 2818 recede

71 2857 74 2865 ’
132 2840 261 2902 15Ιιιοῑίι
276 2836 463 2919 simplicibus
478 2842 553 2899 cibis
567 2842 599 2898 in
613 2841 724 2917 undas,

174 2923 215 2984 ut
227 2924 327 3002 pisces
341 2941 489 2982 venerare
505 2922 661 2985 delicatos.
692 2950 694 2954 ·

549 3053 656 3116 XXXI.

176 3167 264 3251 Quod
278 3169 363 3248 cupis
375 3168 408 3227 in
421 3170 536 3229 nostris
551 3168 673 3247 dieique
687 3168 812 3247 legique
825 3168 941 3230 libellis

213 3253 255 3312 Et
268 3250 432 3312 nonnullus
445 3252 543 3312 honos
557 3252 694 3313 creditur
707 3254 766 3312 iste
780 3254 854 3332 tibi,

41 3350 46 3356 ’
133 3334 219 3394 ,Νε
233 3333 363 3412 valeam,
384 3337 410 3395 si
423 3354 484 3409 non
498 3353 549 3398 res
564 3342 612 3394 est
627 3336 912 3413 gratissimanobis
1017 3376 1020 3381 -

214 3417 256 3478 Et
269 3417 339 3478 volo
352 3425 385 3479 te
399 3419 513 3479 chartis
525 3420 693 3480 inseruisse
703 3421 789 3481 meis.
861 3496 868 3513 „
