2264 3786
89 184 151 251 ooo
242 258 245 265 ,
406 186 794 249 novocomensis

556 387 648 450 LXV.

170 501 317 561 Formosa
330 501 450 582 Phyllis
464 509 557 562 nocte
572 521 640 561 cum
655 502 730 560 mihi
744 508 810 562 tota

169 583 210 643 Se
224 587 431 664 praestitisset
445 587 583 646 omnibus
598 583 696 645 modis
710 583 842 663 largam,

169 668 210 727 Et
223 668 386 744 cogitarem
401 687 489 731 mane
505 667 587 748 quod
601 667 706 727 darem
720 686 843 746 munus,

169 751 319 811 Utrumne
334 752 451 832 Cosmi,
470 753 624 835 Nicerotis
637 771 675 810 an
688 750 816 828 libram,

148 834 217 892 adn
230 834 420 895 Baeticarum
434 835 554 917 pondus
568 833 802 912 accolanarum,

170 918 217 976 An
232 914 271 975 dc
288 914 409 979 moneta
423 921 562 982 Caesaris
579 917 810 978 decem-flavos:

171 998 318 1080 Amplexa
333 1001 444 1062 collum
460 1004 606 1080 barioque
620 1008 682 1061 tam
695 1000 802 1079 longo.

171 1081 328 1161 Blandita,
350 1104 438 1163 quam
453 1092 524 1146 sunt
537 1085 661 1164 nuptiae
677 1082 906 1169 columbarum,

169 1167 288 1244 Rogare
304 1170 406 1247 coepit
420 1167 538 1249 Phyllis
553 1168 727 1248 amphoram
742 1169 814 1229 viui.
964 1226 970 1250 ‚

547 1300 653 1387 uxw.

40 1484 43 1489 Ι
170 1412 221 1471 Bis
238 1414 459 1492 quinquagenis
473 1413 579 1474 domus
596 1414 715 1475 esttibi
728 1412 852 1474 milibus
867 1426 990 1498 empta,

211 1495 356 1557 Vendere
372 1491 464 1576 quom
475 1495 589 1557 summa
602 1495 651 1557 vel
665 1498 808 1558 breviore
825 1501 923 1579 cupis.

169 1579 246 1639 Arte
262 1580 318 1640 sed
332 1588 501 1661 emptorem
513 1581 598 1655 vaira
611 1581 796 1662 corrumpit,
817 1584 979 1664 Amoene,

211 1663 252 1723 ut
267 1683 335 1723 casa
351 1664 465 1724 divitiis
479 1665 638 1725 ambitiosa
650 1663 736 1724 latei.
910 1684 913 1689 ·

149 1744 371 1807 oGemmantes
385 1749 484 1828 prima
496 1747 618 1827 fulgent
631 1747 787 1807 testudine
800 1745 895 1825 lecti,

212 1830 254 1889 Et
267 1831 452 1891 Maurusiaci
465 1831 603 1912 pondera
616 1852 686 1891 rara
700 1832 787 1905 citrl3

170 1913 340 1991 Argentum
355 1921 446 1994 atque
460 1935 565 1975 aurum
577 1935 639 1974 non
654 1913 952 1996 simplex'llelplrics
965 1927 1041 2000 porti

211 1996 300 2057 Stant
317 2000 422 2077 pueri,
445 1997 581 2059 dominos
597 2017 672 2078 quos
686 2016 798 2079 precer
812 2017 883 2059 esse
898 2019 994 2064 meos.

171 2078 291 2139 Deinde
306 2079 557 2159 ducentasonas,
577 2089 610 2141 et
624 2084 685 2160 ais,
706 2102 767 2163 non
782 2100 852 2142 esse
867 2086 1007 2146 minoris.

127 2169 161 2220 10
210 2162 390 2223 instructam
403 2163 456 2222 vili
470 2163 595 2242 vendis,
618 2167 770 2246 Amoene,
791 2163 925 2253 domum.

536 2296 657 2360 LXVII.

169 2407 269 2467 Maiae
283 2410 472 2470 Mercurium
485 2413 612 2473 creastis
626 2411 704 2474 ldus.

169 2491 313 2568 Augustis
329 2493 413 2554 redit
426 2493 528 2555 idibus
542 2495 645 2557 Diana.
817 2560 820 2565 ,

169 2573 318 2636 Octobres
336 2577 424 2637 Maro
440 2580 628 2639 consecravit
642 2577 721 2640 ldus

168 2657 238 2717 idus
253 2679 344 2738 saepe
360 2659 442 2720 colas
457 2667 490 2720 et
502 2662 556 2721 has
571 2667 604 2720 et
617 2661 702 2739 illas,

147 2741 230 2816 oQirl
244 2744 343 2820 magni
356 2742 495 2804 celebras
510 2744 647 2804 Maronis
661 2743 740 2805 ldus.
835 2808 838 2813 ,

531 2876 663 2939 vassl.

168 2982 321 3044 Matutine
337 2983 449 3064 cliens,
472 2987 556 3048 urbis
571 2990 646 3048 mihi
660 3009 749 3050 causa
762 2988 908 3071 relictae,

206 3067 310 3146 Atria,
331 3070 357 3128 si
373 3070 487 3148 rapias,
509 3073 667 3133 ambitiosa
681 3072 772 3134 colas.
869 3064 873 3081 ⁴

164 3147 233 3209 Non
247 3170 313 3226 sum
327 3170 383 3230 ego
398 3152 584 3232 causidicus,
605 3174 663 3215 nec
678 3157 786 3216 amaris
802 3155 910 3220 litibus
925 3170 1030 3241 aptus,

208 3232 270 3293 Sed
283 3235 371 3314 piger
385 3242 417 3296 et
430 3239 533 3297 senior
546 3236 764 3319 Pieridumque
780 3260 893 3304 comes.-

141 3315 237 3377 50tia
251 3337 301 3380 me
316 3338 499 3401 somnusque
510 3322 631 3398 iuuant,
652 3342 729 3399 quae
743 3343 852 3400 magna
864 3328 992 3405 negavit

196 3402 300 3469 Roma
314 3407 409 3470 mihis
430 3405 552 3486 redeo,
571 3405 601 3467 si
611 3403 758 3483 vigilatur
772 3407 882 3464 emo.
