2264 3786
306 195 642 258 EPIGRAMMATON
654 197 728 258 LIB.
743 197 781 260 X.

110 349 256 409 Promisit
270 349 387 428 pariter
401 366 435 408 se
448 344 572 426 Phyllis
586 312 709 426 utriclue
724 345 877 424 (loturum,
950 320 955 326 Δ

151 433 193 492 Et
207 430 310 491 dedit:
330 429 387 492 illc
400 430 511 511 pedem
525 430 662 506 sustulit,
683 431 735 491 hic
748 432 888 501 tunicum.
914 498 920 507 ¹

436 627 438 632 ,
471 541 617 625 cxxxn.

110 664 144 723 Si
159 661 232 741 quid
246 669 352 723 nostro
363 663 426 723 tuis
440 661 534 722 edicit
547 663 666 722 vexatio
679 662 787 739 rebus,

134 764 138 773 ·
152 749 245 807 Mene
259 743 312 806 rel
326 744 457 806 emedio
471 752 563 806 nocte
577 751 698 823 togatus
712 763 783 823 ero,

109 828 346 908 Stridentesque
362 829 460 889 ferum
472 830 561 889 flotus
575 828 726 908 aquilonis
740 824 837 908 iniqui

152 913 194 972 Et
206 914 305 993 potiar
317 914 436 973 nimbos
448 909 655 991 excipiamque
669 912 765 974 nives.
800 955 804 962 ·
842 974 848 982 ,

89 995 178 1058 bsed
192 997 218 1056 si
232 1014 292 1056 non
305 996 360 1055 ilos
374 995 542 1074 qubdrunte
556 995 676 1055 beatior
689 1013 749 1055 uno

152 1079 214 1138 Per
228 1080 357 1158 gemitus
371 1086 493 1138 nostros
506 1079 714 1158 ingenuasque
728 1097 852 1157 cruces,

110 1163 223 1240 Parce,
244 1181 370 1242 precor,
390 1163 473 1222 fesso
487 1180 640 1242 vanosque
654 1162 778 1223 remitte
792 1161 929 1238 labores,

152 1246 210 1321 Qui
224 1246 282 1306 tibi
295 1264 357 1305 non
370 1252 500 1326 prosunt
514 1250 546 1304 et
560 1245 650 1324 mihi,
672 1243 779 1325 (lullo,
799 1256 920 1306 nocent.

461 1376 620 1439 LXXXIII.

110 1477 207 1536 Raros
219 1475 339 1555 colligis
352 1478 425 1538 hinc
439 1480 471 1537 ct
486 1477 558 1538 hinc
572 1475 702 1557 capillos

109 1560 150 1619 Et
165 1559 258 1620 lutum
273 1559 403 1637 nitidae,
424 1561 561 1639 Marine,
581 1559 684 1621 calvae

112 1645 257 1724 Campum
272 1645 461 1724 temporibus
475 1645 555 1722 tegis
569 1647 711 1705 cometis:

111 1725 174 1786 Secl
189 1728 262 1787 moti
276 1726 409 1787 redeunt
422 1727 548 1788 iubente
561 1733 652 1787 vento

86 1808 352 1891 stedclnnturque
367 1811 425 1869 sibi
440 1818 590 1890 opputque
603 1810 717 1870 nudum

113 1894 211 1954 Cirris
225 1893 388 1972 grandibus
402 1894 474 1953 hinc
492 1900 524 1953 et
540 1893 613 1953 inde
627 1894 760 1972 cingunt.

110 1977 195 2036 luter
209 1977 463 2058 Spendophorum
478 1977 763 2058 Telesphorumque
839 1977 841 1981 ’
955 1986 962 2004 ’

109 2059 212 2138 (lydae
228 2068 310 2120 sture
323 2062 444 2139 putabis
458 2062 673 2122 Hermerotem.

111 2144 192 2218 Quin
208 2150 241 2203 tn
255 2145 420 2223 simplicius
435 2163 540 2205 senem
554 2144 677 2224 interis,

67 2226 289 2288 10Uttandem
305 2227 435 2288 videaris
451 2248 528 2288 uuus
543 2229 634 2301 esse?

110 2309 202 2369 Calvo
216 2312 335 2391 turpius
352 2319 401 2371 est
413 2311 491 2375 nihil
504 2318 631 2374 comato.

352 2426 358 2433 ”
458 2444 619 2508 Lxxmv.

108 2539 249 2620 Miraris,
272 2559 365 2621 quare
380 2540 542 2614 dormitum
555 2560 617 2601 non
632 2547 682 2615 est
695 2541 793 2602 Afer?
894 2549 897 2552 ’

151 2625 318 2685 Accumbat
333 2646 400 2686 cnm
414 2645 488 2704 quo,
511 2624 710 2704 Caediciane,
731 2622 826 2686 vides.
920 2636 923 2641 ’

464 2737 615 2800 LXXXV.

111 2834 172 2892 lam
188 2833 291 2893 senior
305 2833 410 2894 Lcdon
425 2835 592 2896 'l'iberinne
604 2841 694 2897 nouts
712 2837 832 2897 curiose

149 2918 290 2977 Proxima
304 2916 426 2979 dilectis
439 2939 511 2979 rura
524 2921 640 2999 paravit
656 2921 751 2998 aquis.

109 3000 193 3075 Quae
209 3020 276 3059 cum
291 2999 383 3080 sisepe
396 3022 488 3081 rugus
503 3009 660 3083 premeret
675 3005 866 3064 torrentibus
881 3001 969 3062 undis

151 3084 256 3149 Tibris
271 3090 304 3143 et
316 3086 446 3146 lrlberno
459 3092 617 3167 rumperet
631 3107 700 3145 arvo
711 3086 806 3162 lucu,-

88 3167 278 3228 5Emeritom
291 3169 432 3249 puppim,
453 3171 521 3249 ripn
535 3188 611 3249 quoe
626 3171 725 3228 stabnt
739 3168 865 3246 inulto,

153 3249 294 3331 implevit
308 3253 386 3310 suxis
402 3255 604 3333 opposuitque
617 3251 711 3314 rodis.

110 3335 160 3393 Sic
176 3336 284 3394 nimios
299 3335 409 3393 avertit
423 3355 522 3414 aquus.
555 3337 630 3412 Quis
645 3333 776 3394 credere
785 3335 916 3421 posset?
985 3391 988 3405 ‚

152 3417 307 3478 Auxilium
322 3416 443 3477 domino
458 3439 555 3479 mersa
570 3421 671 3479 carino
685 3416 765 3478 tulit.

991 181 1054 258 '249
