2264 3786
247 162 252 169 ·
318 121 656 243 urmmommuou
669 155 780 256 uma.
1024 128 1064 218 a?
1100 150 1103 155 ·

112 317 238 378 Mutare
251 313 406 375 domiuum
419 331 481 372 nou
493 316 599 390 potest
613 309 696 371 liber
708 317 809 372 notus.

71 413 107 465 10
114 399 178 461 Sed
195 400 346 479 pumicata
359 398 464 457 fronte
479 396 505 454 si
520 396 587 473 quis
602 401 654 475 cst
666 393 800 454 nondum

112 485 180 545 Nec
194 479 348 542 umbilicis
364 478 464 540 cultus
478 485 570 556 atque
588 480 778 555 membrana,

114 567 277 628 Mercare:
298 562 378 624 tales
391 563 490 622 habeo
500 561 518 636 3'
528 580 586 620 nec
601 563 679 621 sciet
694 562 865 640 quisquam.

113 649 227 710 Aliena
242 648 379 726 quisquis
395 645 507 706 recitat
524 652 557 703 et
570 646 651 723 petit
664 645 789 722 famam,

113 735 183 794 Non
198 749 306 792 emere
316 730 445 807 librum,
465 727 521 789 sed
535 725 692 788 silentium
701 726 808 831 'debet

491 860 610 923 LXVII.

39 980 41 987 '
115 979 212 1037 Liber
226 977 318 1036 homo
336 993 370 1034 ea
384 975 527 1050 nimium,
551 972 628 1032 (licis
645 974 736 1051 mihi,
757 972 890 1053 Cerylo,
912 992 1042 1056 semper.

157 1061 192 1121 lu
206 1065 239 1149 to
255 1060 307 1140 qui
323 1057 415 1136 dicit,
435 1056 566 1136 Cerylo,
585 1054 668 1117 liber
679 1057 770 1118 homo
785 1064 841 1119 est.

481 1156 615 1253 uxvm.

118 1305 275 1386 Quidquid
288 1305 351 1383 agit
363 1303 479 1382 Rufus,
499 1301 580 1362 nihil
595 1310 644 1364 cst
656 1304 718 1364 nisi
731 1301 845 1363 Naevia
857 1302 946 1363 Rufo.

158 1391 192 1449 Si
207 1388 336 1469 gaudet,
358 1389 384 1447 si
398 1389 471 1465 flet,
493 1388 520 1446 si
533 1393 632 1466 tacet,
652 1388 732 1447 hauc
745 1386 890 1467 loquitur.
920 1431 923 1437 ·
959 1416 960 1423 ¹
1049 1438 1052 1449 .

81 1462 84 1474 '
116 1475 231 1551 Cenat,
252 1473 413 1553 propinat,
434 1471 550 1550 poscit,
571 1476 680 1549 negat,
701 1473 816 1531 innuit:
840 1491 900 1530 uua
915 1477 963 1531 est
1035 1528 1042 1536 ,

158 1557 287 1629 Naevia3
309 1557 335 1614 si
349 1574 410 1614 nou
426 1556 467 1613 sit
480 1554 609 1631 Naevia,
629 1562 729 1615 mutus
743 1557 814 1616 erit.

94 1640 294 1720 5Scripserat
305 1639 452 1698 hesterna
465 1638 547 1716 patri
562 1657 630 1697 cum
642 1637 712 1698 luce
728 1637 872 1699 salutem:

160 1724 295 1803 „Naevia
308 1721 382 1782 lux“
397 1723 498 1799 iuquit
511 1721 646 1798 „Naevia
658 1720 777 1797 lumen,
800 1721 891 1783 ave.‘⁶

117 1808 203 1868 Haec
218 1805 297 1885 legit
311 1811 343 1865 et
356 1804 441 1864 ridet
456 1803 588 1864 demisso
602 1804 715 1864 Naevia
729 1805 823 1867 voltu.

142 1952 145 1961 ,
160 1892 275 1955 Naeuia
288 1909 350 1949 uon
364 1907 425 1948 uua
438 1893 502 1947 est:
526 1886 614 1965 quid,
636 1889 683 1948 vir
697 1889 820 1969 inepte,
841 1888 940 1950 furis‘i

496 2022 601 2084 LXlX.

120 2135 248 2214 Coepit,
268 2133 418 2211 Maxime,
438 2134 521 2195 Paua
536 2136 588 2216 qui
603 2134 737 2216 solebat,

47 2270 51 2283 .
118 2218 207 2279 Nunc
221 2216 388 2278 ostendere
405 2218 531 2279 Gauium
546 2219 708 2283 Tarentos.

500 2366 593 2459 [lxx.

62 2522 68 2537 2
120 2477 206 2541 Vade
222 2475 383 2538 salutatum
396 2500 453 2560 pro
468 2499 534 2558 mc,
554 2478 650 2539 liber:
671 2482 719 2538 ire
733 2480 849 2540 iuberis

160 2560 211 2622 Ad
223 2560 350 2621 Proculi
364 2562 498 2640 nitidos,
521 2563 677 2638 officiose,
697 2561 811 2623 lares..
879 2567 882 2571 ’

119 2645 250 2721 Quaeris
264 2646 341 2724 iter,
364 2644 476 2706 dicam:
497 2646 629 2704 vicinum
643 2647 771 2706 Castora
785 2666 878 2708 cauae
934 2702 937 2712 ,

162 2729 324 2788 Transibis
339 2729 453 2792 Vestae
467 2729 695 2808 virgineamque
708 2730 846 2808 domum3

98 2811 198 2873 alnae
213 2831 301 2871 sacro
314 2812 489 2873 veneranda
502 2820 591 2892 petes
605 2813 723 2874 Palatia
739 2815 831 2894 clivo,
957 2810 961 2814 ⁴

160 2894 298 2955 Plurima
317 2916 376 2975 qua
389 2899 496 2956 summi
510 2896 609 2977 fulget
621 2899 719 2976 imago
735 2897 830 2960 ducis.

118 2977 230 3039 Necte
246 2976 384 3040 detineat
397 2982 468 3041 miri
480 2979 598 3041 radiata
612 2981 723 3061 colossi

161 3064 246 3138 Quae
259 3062 411 3123 Rhodium
426 3062 523 3123 moles
536 3067 661 3125 vincere
675 3064 787 3142 gaudet
802 3085 886 3145 opus.
902 3124 905 3129 .

118 3145 228 3207 Flecte
241 3148 304 3205 vias
318 3149 375 3206 hac
391 3167 449 3225 qua
463 3148 577 3207 madidi
592 3155 663 3208 suut
675 3155 758 3208 tecta
773 3149 868 3226 Lyaei

79 3240 114 3291 10
162 3230 203 3288 Et
218 3229 352 3308 Cybeles
368 3232 451 3310 picto
467 3238 527 3290 stat
543 3233 717 3310 Corybante
731 3239 827 3293 torus

119 3312 267 3375 Protinus
281 3333 298 3372 a
311 3313 487 3374 laeva'clari
503 3315 561 3375 tibi
574 3315 677 3374 fronte
691 3317 823 3374 Penates

162 3394 313 3475 Atriaque
327 3396 468 3458 excelsae
482 3405 553 3458 suut
566 3397 704 3457 adeunda
719 3396 833 3493 (lomus.
