2264 3786
250 309 258 321 .
290 192 626 311 nuromomlrod
639 225 712 288 um.
730 228 781 292 ιιι.
991 232 1053 298 ara

496 377 575 442 LVI.

104 475 346 559 Spendophorus
359 476 491 556 Libycas
506 475 621 537 domiui
633 479 715 558 petit
726 479 860 559 armiger
876 483 984 551 urbes:

146 563 231 638 Quae
245 579 343 641 puero
359 560 455 620 dones
471 559 551 638 tela,
574 560 708 640 Cupido,
729 580 822 642 pura;
919 618 922 623 .

104 643 160 706 illa
175 645 283 723 quibus
297 645 423 704 iuvenes
438 644 507 722 figis
521 642 692 723 mollesque
709 644 842 725 puellas:
864 700 870 711 .

146 729 195 788 Sit
207 735 310 788 tamen
324 728 357 786 in
371 722 481 787 tenera
494 728 571 789 levis
586 734 619 787 ct
632 729 720 788 haste
734 749 833 792 manu.
910 774 913 781 -

80 812 242 874 5Loricam
258 809 461 891 clypeumque
475 811 533 871 tibi
549 810 727 890 galeamque
739 814 884 889 remitto;

147 895 245 956 Tutus
257 900 293 954 ut
305 893 428 954 invadat
439 892 573 974 proelia,
593 892 693 956 nudus
708 902 766 957 eat.

104 980 172 1040 Non
185 976 301 1055 iaculo,
318 995 384 1036 >nou
399 995 473 1037 ense
488 977 548 1037 fuit
561 977 698 1038 laesusve
713 979 840 1058 sagitta,

146 1060 273 1123 Casside
290 1059 361 1121 dum
373 1059 455 1120 liber
468 1060 720 1140 Parthenopaeus
735 1069 811 1124 erat

107 1146 250 1223 Quisquis
267 1145 304 1205 ab
318 1144 378 1204 hoc
392 1144 489 1204 fuerit
501 1145 594 1223 fixus,
615 1146 765 1206 morietur
777 1163 891 1208 amore.

68 1242 101 1293 10
148 1228 280 1308 Olelix,
301 1229 434 1306 siquem
448 1234 509 1289 tam
523 1230 603 1288 bona
616 1228 679 1288 fata
693 1230 833 1290 manenti
910 1281 915 1289 .

104 1314 182 1373 Dum
195 1331 274 1394 puer
287 1329 338 1390 es,
355 1309 482 1389 redeas,
505 1310 576 1372 dum
588 1310 674 1372 voltu
686 1311 840 1392 lubricus,
860 1318 895 1374 et
908 1318 940 1374 te

146 1397 214 1457 Non
227 1395 325 1476 Libye
339 1395 448 1474 faciat,
467 1394 524 1456 sed
536 1402 589 1456 tua
602 1395 698 1456 Roma
712 1396 818 1460 virum.

490 1528 581 1592 LVII.

105 1626 157 1688 Nil
172 1633 221 1689 est
233 1628 337 1689 tritius
352 1622 469 1706 Hedyli
482 1625 633 1687 lacernis:

105 1712 172 1772 Non
186 1730 276 1772 ansae
289 1716 429 1771 veterum
444 1710 692 1788 Corinthiorum,

105 1795 170 1855 Nec
189 1815 259 1856 crus
274 1791 422 1876 compede
435 1792 588 1854 lubricum
603 1791 751 1873 decenni,

105 1879 170 1938 Nec
187 1885 297 1961 ruptae
310 1879 442 1939 recutita
457 1876 538 1938 colla
551 1874 668 1954 mulae,

84 1962 171 2024 5Neo
188 1982 265 2042 quae
277 1961 459 2023 Flaminiam
474 1967 580 2022 secant
594 1960 751 2039 salebrae,

106 2046 170 2106 Nec
189 2049 240 2124 qui
251 2045 395 2107 litoribus
408 2047 509 2107 nitent
521 2043 638 2125 lapilli,
715 2080 718 2085 ,

106 2130 170 2189 Nec
189 2130 288 2192 Tusce
301 2128 365 2208 ligo
380 2131 469 2191 vinea
481 2128 613 2212 politus,

106 2213 171 2273 Nec
187 2212 304 2294 pallens
317 2221 389 2293 toga
401 2215 514 2275 mortui
528 2211 668 2292 tribulis,

107 2297 171 2356 Nec
187 2298 267 2378 pigri
281 2304 349 2358 rota
364 2317 472 2377 quassa
483 2296 642 2374 mulionis,

66 2390 100 2442 10
107 2380 171 2440 Nec
188 2400 286 2443 rasum
302 2400 392 2442 cavea
407 2380 486 2441 latus
500 2382 647 2456 bisontis,

107 2464 170 2525 Nec
188 2463 336 2527 densium
351 2467 455 2525 senior
469 2465 584 2525 ferocis
599 2461 676 2541 apri.

109 2546 171 2607 Res
184 2568 243 2608 una
258 2554 306 2610 est
319 2555 436 2625 tamen,
451 2580 493 2592 —
506 2548 574 2627 ipse
585 2564 650 2609 non
664 2543 804 2622 negabit,
817 2575 859 2585 —

109 2629 201 2692 Culus
217 2634 319 2694 tritior
333 2631 450 2713 Hedyli
462 2630 604 2692 lacernis.

484 2763 588 2826 LVlll.

109 2877 245 2959 Nympha
262 2880 340 2940 sacri
353 2880 461 2959 regina
474 2875 576 2957 lacus,
599 2878 648 2938 cui
664 2883 749 2956 grata
762 2873 893 2950 Sabinus

149 2961 190 3021 ut
204 2980 342 3023 mansura
354 2965 406 3045 pio
421 2981 548 3023 munere
562 2962 676 3042 templa
692 2959 794 3037 dedit,

111 3041 160 3105 Sic
174 3052 313 3106 montona
328 3054 535 3128 tuos-semper
549 3047 631 3107 colat
644 3045 771 3106 Umbria
784 3043 903 3117 fontes,

150 3128 213 3188 Nec
226 3135 279 3189 tua
293 3131 420 3192 Baianas
436 3133 558 3191 Sassina
571 3129 657 3190 malit
671 3147 780 3208 aquas:
846 3176 849 3181 .
922 3204 924 3209 Α

93 3210 228 3293 5Excipc
242 3211 393 3276 sollicitos
407 3215 545 3296 placide,
568 3233 636 3274 mea
651 3212 746 3289 dona,
767 3205 909 3279 libelloa;

152 3295 201 3356 Τιι
214 3296 311 3359 fueris
324 3298 422 3359 Musis
437 3300 563 3378 Pegasis
577 3294 658 3358 undu
671 3295 757 3356 meis.
773 3326 816 3339 -·

112 3377 334 3459 „Nympharum
350 3381 474 3463 templis
489 3382 625 3461 quisquis
641 3398 694 3438 sua
709 3377 841 3437 carmina
855 3371 964 3450 donat,

67 3515 72 3527 ,
151 3462 313 3542 Quidiieri
325 3465 416 3529 libris
435 3464 562 3549 debeat,
582 3465 649 3544 ipse
666 3460 791 3521 docet.“
825 3536 835 3546 ·
938 3500 943 3506 -
990 3501 993 3505 -
1023 3490 1032 3504 =
