2264 3786
174 189 177 198 ’
282 173 620 295 nrmnnnnnnon
633 223 707 288 ura.
725 223 803 286 vin.
996 221 1056 288 ιιι

110 373 178 434 Non
194 378 263 432 sunt
277 373 353 431 haec
368 373 538 450 hominum,
560 372 759 449 Germanice,
782 369 891 450 gaudia
903 378 1037 450 tantum,
1112 350 1117 359 ¹

154 455 217 515 Sed
226 455 347 536 faciunt
360 458 419 535 ipsi
433 475 530 534 nunc,
549 463 642 535 puto,
664 473 749 517 sacra
764 453 823 518 dei.
914 512 916 517 .

452 587 561 650 ·V.

111 707 190 765 Dum
205 698 315 781 donas,
337 702 460 779 Macer,
481 700 587 761 anulos
602 701 729 782 puellis,
756 696 759 701 ’

111 790 242 864 Desisti,
264 787 386 862 Macer,
409 783 515 847 anulos
529 785 655 846 habere.

520 917 572 980 Vl.

111 1031 297 1109 Archetypis
310 1028 404 1088 vetuli
417 1028 495 1089 nihil
509 1035 557 1089 est
573 1027 707 1088 odiosius
720 1029 813 1088 Eucti

153 1149 196 1162 »-
210 1117 297 1174 Ficta
312 1113 477 1190 Saguntino
493 1113 611 1192 cymbia
622 1110 705 1172 malo
718 1112 784 1172 luto
798 1145 856 1190 -‚

112 1200 242 1276 Argenti
255 1198 372 1256 fumosa
387 1196 433 1257 sui
448 1215 515 1256 cum
530 1202 688 1256 stemmata
703 1204 808 1256 narrat

79 1347 82 1351 φ
155 1279 303 1342 Garrulus
318 1288 351 1339 et
364 1280 466 1339 vcrhis
480 1278 599 1338 mucida
611 1279 681 1339 vina
695 1279 779 1339 facit.

91 1363 384 1445 5„Laomedonteae
397 1363 522 1423 fuerant
534 1364 611 1422 haec
624 1361 736 1441 pocula
749 1366 890 1424 mensae:

154 1451 267 1509 Ferret
280 1454 314 1506 ut
327 1447 420 1525 haec,
441 1465 543 1506 muros
559 1447 670 1506 struxit
682 1443 795 1526 Apollo
809 1446 886 1526 lyra.

113 1534 180 1593 Hoc
198 1537 318 1591 cratere
332 1528 421 1591 ferox
436 1531 586 1590 commisit
598 1529 716 1608 praelia
728 1529 871 1591 Rhoecus

156 1615 402 1694 GumLapithis:
422 1632 524 1695 pugna
538 1612 641 1673 dehile
656 1614 757 1673 cernis
773 1633 858 1693 opus.

112 1701 154 1760 Hi
169 1699 229 1759 duo
243 1697 392 1776 longaevo
410 1702 577 1757 censentur
590 1697 722 1756 Nestore
736 1696 838 1756 fundi:

71 1796 106 1846 10
154 1781 273 1848 Pollice
288 1780 327 1840 de
341 1778 430 1859 Pylio
445 1782 519 1840 trita
536 1779 674 1839 columha
687 1781 776 1840 nitet.

113 1868 173 1927 Hic
187 1868 319 1945 scyphus
333 1872 397 1941 ast,
419 1865 452 1923 in
466 1884 526 1943 quo
541 1864 664 1929 misceri
675 1864 766 1923 iussit
780 1863 885 1924 amicis

153 1951 282 2028 'Largius
297 1947 448 2009 Aeacides
462 1946 653 2025 vividiusque
666 1963 792 2007 merum.

114 2035 180 2095 Hac
193 2033 367 2113 propinavit
381 2031 480 2091 Bitiae
495 2029 703 2111 pulcherrima
714 2028 794 2091 Dido

155 2118 189 2177 ln
202 2127 324 2197 patera,
345 2116 479 2193 Phrygio
495 2134 562 2174 cum
577 2114 647 2174 data
660 2132 736 2174 cena
749 2115 814 2173 viro
832 2112 911 2174 est.“

72 2201 243 2262 15Miratus
258 2199 355 2259 fueris
370 2217 438 2258 cum
453 2200 555 2278 prisca
568 2204 739 2259 toreumata
753 2196 897 2274 multum,

155 2285 188 2344 ln
202 2283 315 2345 Priami
330 2279 458 2343 calathis
470 2283 655 2362 Astyanacte
668 2283 765 2343 bibes.

517 2430 612 2511 vn..

114 2546 182 2606 Hoc
196 2565 289 2624 agere
308 2553 356 2607 est
370 2565 490 2623 causas,
511 2546 571 2605 hoc
586 2543 708 2620 dicere,
731 2543 844 2619 Cinna,
868 2540 1000 2620 diserte,

154 2631 264 2705 Horis,
287 2631 400 2708 Cinna,
417 2629 524 2689 decem
540 2627 752 2687 dicercverha
764 2626 894 2685 novem?

116 2713 178 2774 Sed
192 2712 282 2774 modo
298 2713 476 2793 clepsydras
492 2713 612 2790 ingenti
624 2728 699 2770 voce
713 2710 820 2790 petisti
838 2695 842 2714 ’

160 2797 320 2875 Quattuor.
351 2796 553 2876 Oquantum,
575 2796 689 2873 Cinna,
709 2801 814 2856 tacere
827 2793 933 2876 potes!

510 2928 589 2992 Vlll.
682 2934 684 2939 '

115 3042 303 3121 Principium
318 3041 391 3120 des,
412 3042 499 3118 lane,
520 3038 596 3100 licet
608 3039 763 3100 velocibus
778 3039 881 3116 annis,

156 3126 197 3184 Et
211 3143 342 3186 renoves
355 3124 440 3185 voltu
453 3123 574 3185 saecula
587 3123 678 3202 longa
691 3129 763 3198 tuo;

116 3207 163 3269 Te
179 3210 309 3288 primum
323 3210 375 3289 pia
387 3214 458 3269 tura
471 3214 598 3286 rogent,
619 3214 653 3266 tc
666 3212 736 3266 vota
750 3202 900 3280 salutent,

156 3293 296 3372 Purpura
310 3298 342 3351 te
356 3290 448 3369 felix,
469 3298 501 3353 te
516 3289 598 3351 colat
612 3290 709 3352 omnis
724 3290 840 3348 honosa

96 3375 166 3434 oia
181 3373 481 3457 cameracencis,
499 3375 612 3438 Latiae
632 3371 720 3457 quod
733 3363 986 3446 contlgxtnrhix„

90 3457 256 3592 M-Mense
270 3464 325 3520 tuo
342 3459 519 3547 reducem,
543 3463 642 3547 lanc,
661 3458 787 3523 videre
800 3454 927 3594 hen&

127 3557 198 3598 ΛΒΤ.
251 3565 254 3571 ’
