2264 3786
303 234 637 297 EPIGRAMMATON
651 234 724 300 LlB.
741 237 776 298 ll.
1016 237 1053 302 51

90 389 216 467 5Atquc
230 406 319 448 unam
334 389 449 449 vestire
463 387 576 447 tribum
591 393 643 448 tua
658 386 787 449 candida
801 404 945 468 possunt,

150 470 273 551 Appula
286 466 348 532 uon
362 492 421 531 uno
438 489 514 549 quae
532 488 625 550 grege
642 477 727 531 terra
741 471 823 534 tulit.

111 555 159 616 'l'u
174 561 296 634 spectac
310 555 442 615 hiemem
455 555 604 614 succincti
617 553 720 614 lentur
737 557 825 615 amici

149 638 212 698 Pro
228 635 342 698 reclus!
364 643 396 698 et
410 636 519 696 lateris
532 636 649 715 frigora
663 639 737 698 trita
750 640 850 700 timeo.

109 722 260 800 Quantum
275 727 358 800 erat,
380 720 504 799 infelix,
522 721 631 801 pauni·
644 718 788 783 fraudare
804 722 936 800 duobus,
952 760 993 768 —

69 815 101 867 10
145 802 232 882 'Quid
245 805 378 866 metuis?
391 837 433 852 -
447 823 510 863 non
523 808 571 882 te,
592 803 742 882 Naevolc,
763 805 819 865 scd
833 807 957 868 tineas?

481 937 599 1000 XLVII.

110 1048 246 1110 Subdola
259 1051 394 1110 famosae
409 1068 519 1109 moneo
534 1050 605 1128 fuge
620 1051 701 1110 retia
715 1051 877 1130 moechae,

150 1133 262 1193 Levior
277 1154 294 1193 o
311 1133 452 1211 conchis,
474 1131 582 1209 Galle,
601 1133 802 1212 Cytheriacis.

108 1215 246 1277 Confidir
260 1218 403 1277 natibus?
423 1235 485 1277 non
499 1222 547 1276 eat
559 1217 687 1296 paedico
703 1219 843 1278 maritae:

150 1301 235 1377 Quae
249 1301 343 1397 faciat
356 1297 416 1361 duo
430 1306 515 1361 aunt:
537 1300 665 1361 irrumet
680 1307 731 1361 aut
746 1301 846 1363 futuit.

472 1422 602 1495 xnvlh

108 1548 267 1626 Coponem
279 1545 454 1625 laniumque
467 1544 688 1626 balneumque,

109 1629 282 1690 Tonsorem
295 1629 487 1708 tabulamque
502 1628 698 1708 calculosque

106 1713 149 1772 Et
163 1731 292 1792 paucos,
314 1711 370 1772 aed
385 1720 420 1773 ut
433 1713 557 1791 eligam,
576 1711 719 1774 libellos:

107 1797 208 1856 Unum
221 1816 284 1856 nou
296 1797 421 1856 nimium
435 1796 542 1856 rudem
556 1796 692 1856 sodalem

86 1879 149 1940 5Et
163 1879 309 1957 grandem
321 1898 451 1959 puerum
465 1879 577 1958 diuque
592 1879 691 1940 levem
802 1938 806 1943 .
858 1898 864 1903 ·
989 1902 993 1910 “

107 1964 149 2023 Et
164 1981 372 2044 caram-puero
386 1983 455 2024 meo
468 1963 617 2045 puellam:

107 2048 193 2106 llaec
205 2053 328 2126 praesta
341 2048 431 2125 mihi,
452 2048 548 2127 Rufe,
566 2047 617 2109 vel
629 2049 786 2126 Butuntis,

106 2129 149 2192 Et
163 2130 303 2223 thermas¹
313 2132 371 2191 tibi
384 2133 464 2192 habe
477 2133 506 2193 N
507 2134 675 2194 eronianas.

481 2280 586 2343 XLIX.

107 2391 242 2450 Uxorem
255 2391 326 2451 nolo
342 2391 515 2453 Telesinam
531 2394 661 2454 ducerer
683 2393 798 2470 quare?

149 2473 282 2534 Moecha
296 2483 353 2537 est.
384 2476 446 2536 Sed
460 2479 565 2555 pueris
580 2476 632 2536 dat
646 2476 800 2536 Telesina.
830 2473 919 2537 Volo.

519 2608 553 2668 L·
945 2670 948 2675 ¹
1044 2611 1053 2651 l

107 2717 197 2793 Quod
210 2715 301 2778 fellas
313 2724 346 2778 et
359 2738 464 2797 aquam
478 2690 582 2800 potas,
603 2718 665 2799 nil,
685 2720 813 2797 Lesbia,
834 2739 952 2801 peccas.

149 2802 215 2877 Qua
229 2802 287 2861 tihi
300 2808 389 2883 parte
405 2823 480 2884 opus
495 2812 560 2882 est,
578 2804 706 2881 Lesbia,
728 2806 820 2866 numia
836 2824 950 2883 aquam.
1068 2805 1071 2813 '

511 2939 560 3002 Ll.

105 3045 191 3105 Unus
207 3063 299 3130 saepe
313 3047 372 3109 tihi
385 3053 450 3108 tota
465 3028 608 3109 denarius
623 3069 693 3110 aroa

148 3130 225 3190 Cum
238 3131 279 3189 alt
293 3136 326 3190 ct
338 3131 389 3191 hic
404 3130 472 3193 culo
488 3135 607 3210 tritior,
625 3131 739 3212 Hylle,
755 3139 825 3207 tuo,
891 3170 894 3181 ·
937 3154 942 3169 ι

105 3211 173 3272 Νοιι
188 3222 290 3274 tamen
304 3214 385 3276 hunc
397 3217 512 3296 pistor,
535 3235 596 3282 non
612 3217 732 3277 auferet
745 3217 826 3277 hunc
842 3217 898 3277 tibi
914 3235 1005 3295 copo,

148 3293 211 3356 Sed
226 3297 252 3356 ri
268 3298 336 3376 quis
350 3301 442 3360 nimio
456 3318 537 3382 pene
552 3301 703 3380 superbus
716 3300 790 3371 erit.

84 3377 214 3438 alnielia
228 3386 335 3441 venter
347 3389 469 3465 spectat
483 3385 627 3449 convivia
641 3383 709 3447 culi

131 3461 175 3517 Et
186 3479 313 3544 semper
323 3468 426 3530 mirer
441 3469 495 3533 hic
510 3473 637 3554 esurit,
659 3469 721 3536 ille
737 3475 890 3611 corath
