2264 3786
149 227 211 290 334
468 225 516 286 M:
529 224 624 288 vaur
637 223 860 287 morulans
919 264 924 269 -
966 172 968 177 Ι

479 426 668 489 ·-GXXIV.
696 427 816 509 Toga·
925 444 929 455 ¹

231 529 382 588 Romanos
396 544 501 587 rerum
519 524 656 584 dominos
673 531 858 603 gentemque
871 530 1012 603 togatam

271 611 432 688 ille-facit,
452 612 628 688 maguoqni
645 606 732 669 dedit
746 614 828 669 astra
842 609 949 689 patri..
990 668 992 672 ,
1031 674 1036 681 .

547 742 667 806 cxxv.
689 742 797 815 roem,¹
1047 716 1052 727 “

230 843 263 902 Si
276 843 439 902 matutinos
453 839 576 901 facilest
586 843 648 901 tibi
662 840 796 921 perdere
810 855 954 918 somnos,

270 928 386 987 Attrita
398 926 503 986 vemet
516 923 654 1005 sportula
669 937 763 1004 saepe
776 931 856 1002 toga.
907 974 912 980 .

494 1057 627 1119 CXXVI.
648 1046 839 1118 Endromis

228 1156 377 1235 Pauperis
393 1161 441 1214 est
455 1174 579 1234 munus,
599 1155 654 1215 sed
668 1175 730 1215 non
743 1162 792 1217 est
805 1156 954 1235 pauperis
968 1173 1053 1216 usus

269 1242 355 1300 Hanc
368 1239 426 1298 tibi
440 1258 497 1318 pro
510 1239 599 1300 laeua
614 1241 762 1300 mittimus
774 1237 970 1301 eudromius.-

421 1373 570 1434 CXXVII.
593 1373 769 1449 Canusinae
780 1373 898 1448 fuscae.

226 1473 311 1531 Ilaec
324 1473 381 1532 tibi
395 1474 518 1533 turbato
534 1474 685 1533 Canusina
701 1472 855 1543 similIIma
867 1471 984 1532 mulso.-

267 1557 380 1616 Munus
398 1558 469 1616 erit.
495 1554 617 1617 Gaude:
638 1577 701 1619 non
715 1557 848 1618 citoliet
861 1574 949 1616 auus.

432 1690 595 1752 CXXVIII.
619 1689 885 1752 Bardocucullus.

227 1784 327 1868 Gallia
345 1787 508 1847 Santonico
522 1790 615 1847 vestit
629 1793 661 1848 te
676 1768 904 1849 bardocucullo.

267 1871 561 1950 Cercopithecorum
574 1870 705 1952 paenula
718 1889 816 1951 nuper
831 1876 908 1931 erat.
926 1885 930 1891 ‘
984 1930 987 1935 ,

430 1984 563 2066 CXXIX.
588 2005 764 2066 Canusinae
777 2007 879 2084 rusae.

225 2102 321 2162 Roma
333 2103 535 2179 magis'fuscis
549 2105 695 2180 vestitur,
717 2101 816 2164 Gallia
830 2103 924 2180 rufis,

266 2186 308 2246 Et
321 2183 425 2287 placet
439 2186 491 2245 hic
504 2188 609 2265 pueris
623 2184 834 2266 militibusque
849 2184 948 2246 color.
982 2189 985 2193 ’
1073 2216 1076 2221 -

445 2319 563 2380 CXXX.
585 2317 728 2381 Paenula
742 2328 872 2394 scortea.

162 2464 169 2469 .
221 2417 399 2496 Ingrediare
412 2419 490 2477 viam
506 2417 590 2479 caelo
604 2416 679 2478 linet
692 2437 790 2498 usque
805 2435 934 2491 sereno,

264 2501 314 2561 Ad
328 2503 443 2562 subitas
457 2521 610 2581 uunquam
624 2510 745 2563 scortea
754 2502 840 2562 *desit
854 2518 958 2579 aquas.

405 2635 538 2696 CXXXI.
562 2635 723 2698 Lacernae
739 2636 908 2697 occanere.

223 2732 255 2791 Si
269 2733 391 2794 Veneto
405 2735 571 2796 Prasinore
585 2737 686 2814 foves,
709 2733 781 2814 quid
796 2732 921 2792 cochna
930 2733 1065 2813 ,samem

262 2816 309 2875 Ne
322 2817 378 2877 fias
392 2819 452 2877 ista
465 2821 622 2897 transfugo
639 2824 739 2896 sorte,
759 2815 839 2877 vide.
914 2871 916 2879 .

508 2952 653 3012 CXXXII.
674 2952 803 3014 Eleum.

221 3047 255 3107 si
271 3067 408 3129 possem,
430 3053 511 3108 totas
524 3068 668 3129 cuperem
682 3049 802 3108 misisse
816 3045 970 3109 lacernas.

261 3132 347 3191 Nunc
362 3137 479 3193 tantum
494 3135 586 3213 capiti
599 3152 725 3211 munera
738 3135 827 3193 mitto
841 3139 907 3193 tuo.

393 3267 554 3327 CXXXIII.
577 3266 737 3329 lacernae
751 3268 915 3328 Baeticae.

218 3366 285 3426 Nou
302 3373 352 3426 est
363 3365 432 3426 lona
446 3368 521 3427 mihi
536 3365 683 3444 mendox,
702 3385 762 3427 uec
777 3373 880 3427 mutor
897 3368 1033 3431 alieno:-

91 3484 104 3559 ι·
259 3449 311 3510 Sic
323 3448 464 3532 placeant
479 3449 610 3530 Tyriae:
631 3467 686 3512 me.
695 3468 763 3523 mea
776 3451 869 3549 tInxit
882 3453 963 3521 cuin.
