2264 3786
257 222 590 286 unicalamum
602 225 675 287 un.
689 224 736 286 m.
797 180 802 185 ’
969 222 1008 287 77

71 375 149 453 Quid
164 376 208 435 uls
223 393 288 451 me,
311 394 403 454 rogo,
426 344 567 452 Phoebe,
589 378 759 456 suspicari?

69 458 197 518 Mollem
214 458 342 518 credere
356 469 387 518 te
402 460 497 518 virum
511 457 664 536 uolebam,

56 543 133 603 §Sed
146 562 251 602 rumor
265 549 357 621 negat
371 552 485 629 essete
501 541 668 604 cinaedum.

404 646 407 653 ’
434 674 566 738 nxxrv.

67 773 222 833 Psilothro
236 773 345 832 faciem
359 771 442 832 levas
456 781 489 833 et
503 772 635 852 dropace
650 773 772 835 calvam.

108 856 261 934 Numquid
276 863 450 933 tonsorem,
471 856 662 934 Gargiliane,
682 858 795 918 times?

68 940 150 1015 Quid
164 941 280 999 facient
292 940 429 1018 ungues?
449 959 514 999 nam
530 948 616 1001 certe
631 959 693 1001 non
708 948 797 1020 potes
812 939 883 1000 illos

108 1023 238 1100 Resina,
258 1012 379 1084 Ven'eto
394 1040 451 1082 nec
467 1040 610 1083 resecare
626 1022 702 1084 luto.

56 1107 199 1183 ‚Desine‚
221 1107 247 1164 si
261 1104 360 1185 pudor
374 1112 438 1182 est,
455 1106 595 1166 miseram
608 1105 770 1167 traducere
786 1108 912 1168 calvam:

107 1190 176 1248 Hoc
192 1189 261 1248 fieri
276 1208 391 1266 cunno,
413 1187 605 1267 Gargiliane,
626 1189 715 1252 solet.

439 1322 559 1385 LXXV.
606 1354 610 1369 ·

66 1420 174 1498 Stare,
195 1420 350 1500 Luperco,
370 1421 428 1481 tibi
442 1422 501 1480 Iam
515 1419 635 1501 pridem
648 1422 782 1483 mentula
797 1422 893 1502 desit,

108 1504 249 1564 Luctaris
263 1504 388 1564 demens
403 1513 437 1563 tu
449 1510 551 1564 tamen
565 1506 711 1583 arrigere.

65 1587 130 1646 Sed
144 1586 227 1656 nihil
240 1605 350 1647 erucae
365 1588 482 1647 faciunt
496 1586 640 1666 bulbique
654 1587 784 1668 salaces,

112 1671 253 1749 Improba
268 1688 326 1729 nec
340 1676 469 1750 prosunt
483 1671 542 1730 iam
557 1673 690 1732 satureia
703 1673 770 1734 tibi.

56 1753 210 1833 »Coepisti
223 1772 313 1833 puras
329 1755 436 1832 opibus
450 1772 647 1833 corrumpere
661 1756 785 1815 buccas:

106 1837 159 1897 SIc
176 1855 295 1915 quoque
309 1856 370 1895 non
383 1837 456 1897 uiuit
474 1835 637 1897 sollicitata
649 1838 764 1899 Venus.

65 1921 176 1979 Mirari
191 1921 263 1979 satis
277 1921 335 1979 hoc
351 1921 508 1999 quisquam
521 1919 571 1981 vel
586 1919 716 1981 credere
732 1923 845 2001 possit,

77 1998 80 2003 ’
107 2001 197 2079 Quod
210 2022 270 2062 non
286 2009 361 2080 stat,
382 2021 489 2082 magno
504 2011 602 2082 stare,
623 2005 779 2085 Luperco,
799 2006 878 2065 libii

437 2136 570 2198 LXXVI.

65 2234 187 2310 Arrigis
202 2232 240 2292 ad
254 2232 385 2309 vetulas,
405 2230 539 2312 iastidIs,
560 2235 670 2312 Basse,
690 2235 822 2316 puellas,

107 2317 319 2376 Nec-formosa
332 2318 405 2394 tihi,
427 2317 483 2377 sed
498 2319 645 2378 moritura
659 2320 769 2399 placet.

65 2400 136 2477 llic,
150 2398 236 2478 rogo,
249 2418 310 2458 non
321 2398 409 2459 surm
420 2408 478 2479 est,
491 2421 552 2461 non
564 2402 641 2462 haec
653 2409 702 2461 est
713 2399 847 2460 mentula
859 2392 1008 2465 demensi

106 2484 184 2544 Cum
196 2483 295 2563 possis
309 2483 475 2561 Hecaben,
496 2503 558 2543 non
569 2491 658 2564 poteo
672 2480 922 2545 Andromachen!
954 2543 957 2546 ,

378 2598 384 2607 ’
423 2592 570 2658 LXXVII.
609 2610 611 2617 '

66 2693 129 2752 Nec
143 2692 273 2771 mullus,
294 2713 352 2754 nec
368 2701 399 2754 te
415 2693 565 2771 delectat,
586 2694 727 2771 Baetice,
747 2694 871 2773 turdus,

106 2776 171 2858 Nec
185 2776 274 2857 lepus
289 2782 337 2837 est
351 2796 498 2856 unquam,
519 2795 578 2849 nec
592 2778 648 2837 tibi
661 2784 764 2855 gratus
778 2799 868 2860 apem

66 2861 130 2920 Nec
143 2867 177 2919 te
191 2860 254 2920 liba
267 2862 397 2938 iuuant5
409 2879 468 2921 nec
482 2868 585 2922 sectae
601 2860 715 2940 quadra
727 2861 904 2942 placentae,

106 2943 172 3003 Nec
184 2944 283 3023 Libye
297 2947 408 3023 mittit,
430 2964 488 3005 nec
502 2945 559 3005 tibi
572 2945 681 3004 Phasis
696 2964 780 3007 aves:

56 3028 221 3107 iCapparIn
236 3035 270 3087 et
283 3030 366 3108 putri
381 3047 471 3109 cepas
485 3028 605 3089 hallece
619 3035 760 3091 natantes

105 3113 147 3171 Et
159 3111 280 3192 pulpam
296 3111 386 3171 dubio
403 3112 442 3172 dc
455 3119 601 3192 petasone
616 3132 720 3191 voras,

67 3195 175 3274 Teque
190 3198 293 3255 iuvant
306 3214 414 3274 gerres
428 3203 461 3257 et
475 3194 559 3274 pelle
577 3194 754 3276 melandrya
768 3214 858 3272 cana,
947 3220 950 3227 ⁴

105 3280 253 3341 ResInata
266 3280 345 3341 bibis
358 3282 444 3357 ulna,
465 3279 597 3340 llalerna
610 3280 700 3358 fugis.

66 3363 177 3423 Nescio
194 3363 276 3442 qnod
289 3365 437 3443 stomachi
450 3365 555 3424 vitium
571 3364 722 3423 secretius
733 3378 801 3421 csse
916 3410 919 3425 .

56 3461 60 3501 l
105 3447 267 3529 Suspicor:
288 3455 323 3508 nt
340 3449 413 3527 quid
427 3450 523 3526 enim,
545 3448 686 3524 Raetice,
705 3443 925 3527 saprophagisi
