2264 3786
32 280 35 291 Ι
82 198 123 260 aa
174 292 177 304 s
395 199 438 260 m
455 199 546 262 ran.
564 198 785 292 maranus
887 224 898 236 ·
973 207 978 224 ·

166 351 292 429 Spectas
310 350 564 428 eschatocollion‚
586 351 715 428 Severe,
811 379 815 387 ·

164 435 206 492 ut
221 432 328 510 longas
343 435 440 492 trahis
458 434 663 505 oscitationes.
713 451 717 471 ·

144 518 252 577 5Hacc
268 524 354 593 sunt,
378 536 454 594 quae
471 517 631 594 relegente
648 534 697 576 me
714 517 832 576 solebas

164 601 260 678 Rapta
280 601 457 678 excribere‚
475 600 530 660 sed
548 599 730 662 Vitellianis.

86 714 93 735 ·
164 685 249 742 llaec
265 689 350 760 sunt,
373 683 492 762 singula
508 703 583 762 quae
600 685 668 743 sinu
683 684 805 742 ferebas

164 768 227 831 Per
241 768 376 826 convivia
394 773 518 844 cuncta,
539 785 596 846 per
613 768 749 843 theatra,

127 922 129 929 γ
164 851 248 909 Haec
266 857 335 908 sunt
351 857 403 908 aut
416 851 542 910 meliora
558 851 585 908 si
603 869 661 927 qua
680 850 789 908 nescis.

123 945 156 996 10
165 934 244 1009 Quid
261 932 390 1011 prodest
405 935 478 992 mihi
496 941 556 990 tam
572 951 673 991 macer
689 931 831 1011 libellus,

163 1016 255 1076 Nullo
274 1018 403 1074 crassior
420 1023 454 1074 ut
472 1018 513 1075 sit
530 1015 689 1092 umbilico,

164 1101 198 1159 Si
213 1105 295 1158 totus
311 1100 368 1156 tibi
385 1098 486 1157 triduo
503 1097 644 1176 legatur?
669 1140 672 1145 ,

163 1183 321 1260 Nunquam
339 1181 468 1241 deliciae
487 1183 668 1260 supiniores.

35 1307 48 1326 1
164 1266 274 1324 Lassus
291 1271 351 1323 tam
369 1268 429 1325 cito
448 1265 553 1324 deficis
570 1267 683 1342 viator,

123 1350 203 1410 mut
220 1367 286 1407 cum
303 1362 428 1408 currere
445 1348 558 1408 debeas
574 1347 723 1427 Bovillas,

162 1432 372 1510 Interiungere
390 1433 511 1511 quaeris
529 1431 568 1490 ad
588 1433 757 1491 Camenas‘.l

163 1516 176 1574 l
192 1534 288 1591 nunc,
311 1516 406 1575 cdere
422 1534 471 1574 mc
487 1517 558 1574 iube
576 1515 708 1576 libellos.

562 1639 625 1700 VII.

103 1758 105 1768 ·
162 1733 320 1801 Declamas
336 1738 437 1815 belle,
458 1756 561 1798 causas
578 1738 656 1815 agis,
677 1737 799 1813 Attice,
820 1736 920 1815 belle,

57 1890 59 1895 1
155 1872 157 1874 -
204 1826 355 1885 Historias
373 1822 487 1898 bellas,
508 1822 640 1880 carmina
656 1818 739 1879 bella
754 1820 846 1897 facis,

163 1908 326 1986 Componis
340 1906 425 1965 belle
442 1906 564 1981 mimos,
586 1906 802 1982 epigrammata
818 1901 917 1982 belle,
1015 1917 1022 1927 ”

204 1990 309 2050 Bellus
327 1990 553 2066 grammaticus,
573 1985 673 2045 hellus
692 2004 724 2045 es
742 1985 930 2065 astrologus,
961 2030 964 2035 ·

144 2066 207 2134 eut
223 2072 305 2132 belle
324 2078 426 2131 cantas
447 2077 479 2129 et
495 2067 604 2146 saltas,
624 2069 743 2146 Attice,
763 2068 871 2148 belles

204 2155 307 2214 Bellus
325 2172 358 2212 es
378 2161 443 2212 arte
460 2150 563 2230 lyrae,
585 2150 684 2211 bellus
702 2170 735 2210 cs
753 2159 819 2211 arte
832 2152 923 2232 pilae.

163 2238 215 2298 Nil
231 2241 309 2297 hene
331 2256 397 2295 cum
410 2237 520 2311 facias,
541 2235 634 2295 facias
651 2240 752 2294 tamen
770 2239 868 2295 omnia
886 2234 988 2314 belle,

207 2322 261 2406 llis
280 2320 377 2380 dicam
389 2317 462 2399 quid
478 2317 544 2378 sis?
564 2331 688 2395 magnus
701 2335 734 2377 cs
752 2318 876 2383 ardalio.

556 2449 633 2511 VIII.

164 2546 269 2625 Siqua
285 2547 467 2621 videbuntur
486 2549 598 2607 chartis
616 2547 688 2624 tibi,
707 2544 823 2624 lector,
841 2546 960 2607 inistis
991 2584 996 2591 -

206 2630 275 2688 Sive
294 2633 421 2690 obscura
438 2633 527 2691 nimis
544 2633 607 2691 sive
624 2626 720 2690 latina
735 2649 856 2710 parum,
889 2688 891 2692 a

163 2711 231 2770 Non
249 2731 334 2771 meus
349 2722 397 2774 est
415 2732 517 2775 error:
538 2706 803 2774 nocuit.librarius
818 2712 898 2773 illia.

204 2795 281 2854 Dum
298 2805 445 2876 properat
460 2816 565 2856 versus
583 2794 781 2855 annumerare
797 2797 863 2856 tihi.

143 2877 255 2954 aQuod
270 2881 297 2939 si
314 2899 376 2940 non
392 2879 493 2955 illum,
513 2878 568 2938 sed
585 2897 633 2937 me
651 2896 795 2956 peccasse
815 2876 953 2959 putabis‘,

206 2962 293 3023 Tunc
311 2981 367 3042 ego
384 2970 416 3023 te
435 2962 556 3023 credam
574 2960 675 3019 cordis
690 2962 805 3021 habere
821 2961 909 3024 nihil.

140 3106 144 3113 ,
163 3045 245 3122 „Ista
262 3054 362 3106 tamen
378 3044 456 3106 mala
472 3044 576 3106 sunt.“
603 3044 695 3119 Quasi
705 3064 760 3104 nos
771 3045 932 3106 manifesta
942 3063 1098 3126 negemus:

204 3130 289 3188 Haec
307 3128 384 3187 mala
401 3135 488 3207 sunt,
507 3126 563 3187 sed
581 3132 614 3186 tu
631 3146 693 3187 non
709 3127 836 3188 meliora
851 3129 937 3190 facis.
1014 3180 1017 3185 .

165 3338 295 3416 Scripsi,
311 3337 471 3418 rescripsit
487 3335 531 3396 nil
546 3238 673 3412 Νῗὲνίι,
694 3355 756 3395 non
774 3334 859 3397 dabit
876 3355 960 3414 crgo.

206 3420 267 3480 Sed
281 3428 355 3500 puto
374 3419 455 3500 quod
472 3422 580 3502 scripsi
596 3419 731 3500 legeratz
752 3439 825 3500 crgo
837 3420 928 3482 dabit.
