2264 3786
97 216 159 283 224
411 217 455 284 m
472 219 564 284 VAL.
580 216 805 284 marmus

176 371 339 451 Rumpitur
352 367 482 450 invidia,
504 370 586 451 quod
600 391 666 434 sum
679 372 830 435 iucundus
844 376 988 458 amicis,

136 467 170 517 10
216 452 306 530 Quod
321 454 445 515 convica
457 455 622 534 frequens,
641 460 793 538 rumpitur
806 458 930 523 Invidia.

176 539 338 618 Rumpitur
351 538 480 617 invidia,
502 539 584 618 qnod
599 559 733 601 amamur
747 541 891 622 qnodque
903 545 1084 627 probamur:

217 623 401 703 Rumpatnr,
422 623 559 702 quisquis
573 625 723 704 rumpitur
736 625 863 716 invidio.

542 754 674 820 XCVIII.

175 856 402 933 Vindemiarum
415 890 478 931 non
492 858 605 951 ubique
618 876 785 953 proventus

173 955 328 1033 Cessavit,
350 953 455 1030 Ovidi3
476 953 577 1034 pluvia
590 955 707 1035 profuit
721 952 854 1033 grandis.

173 1039 303 1098 Centum
318 997 455 1099 lloranus
470 1037 629 1118 amphoras
645 1057 742 1120 aquae
754 1039 840 1103 iecit.

550 1169 657 1233 xcix.

92 1281 95 1286 ’
172 1283 295 1346 Marcus
310 1291 390 1345 amat
402 1289 523 1345 nostras
537 1284 704 1364 Antonius,
724 1285 844 1363 Attice,
864 1246 988 1367 Musas,

213 1368 328 1429 Charta
342 1368 499 1429 salutatrix
513 1387 540 1439 or
530 1367 644 1429 modo
657 1387 732 1430 vera
744 1368 870 1429 referta

170 1435 293 1513 Illarcus
307 1451 464 1513 Palladiae
476 1471 538 1511 non
552 1451 713 1512 Inficianda
729 1448 893 1512 Tolosae

212 1535 335 1615 Gloria,
358 1555 447 1616 quem
463 1535 568 1614 genuit
581 1537 665 1614 pacis
679 1532 798 1594 alumna
813 1536 910 1614 qules.

148 1616 221 1679 5'Iu
236 1620 288 1701 qul
300 1617 392 1700 longa
405 1627 495 1701 potes
509 1615 669 1698 dispendia
681 1617 810 1678 ferre'
782 1637 913 1709 vrorum,

210 1702 239 1779 I,
260 1702 358 1784 liber,
379 1703 514 1765 absentis
526 1703 639 1802 pignus
651 1703 811 1764 amicitiae

169 1785 249 1849 Vilis
264 1806 349 1868 eras,
370 1789 488 1865 fateor,
509 1788 581 1846 site
598 1804 678 1845 nunc
693 1786 832 1845 mitteret
845 1793 986 1866 emptore

210 1871 335 1933 Grande
348 1873 394 1932 tui
407 1873 541 1953 pretium
554 1869 689 1931 muneris
703 1875 809 1929 auctor
825 1869 894 1929 erit.
968 1882 983 1939 ·,

168 1953 317 2033 Multum,
339 1954 432 2015 crede
445 1955 536 2031 mihl,
556 1953 672 2030 refert,
694 1972 713 2011 a
725 1952 813 2012 fonte
827 1952 951 2013 bibatur

99 2047 160 2097 ιο
207 2038 291 2114 Quae
305 2039 389 2117 fluit,
411 2056 449 2097 an
462 2038 552 2118 pigro
566 2053 644 2116 quae
658 2042 762 2116 stupet
774 2034 855 2096 unda
868 2033 949 2099 lacu.

496 2168 610 2230 ·c.

166 2282 296 2344 Denaris
309 2283 409 2344 tribua
424 2283 535 2343 Invitas
549 2288 582 2343 et
594 2301 682 2343 mane
697 2238 832 2363 togatum
933 2300 941 2329 ι

208 2366 379 2428 Observare
393 2368 480 2428 iubes
495 2367 587 2445 atr'ia,
604 2366 714 2445 Basse,
736 2374 803 2427 tua:

164 2449 285 2513 Deinde
301 2452 433 2512 haerere
447 2457 500 2512 tuo
513 2448 621 2528 laterI,
631 2447 830 2552 'praecedere
844 2445 970 2529 sellam,

205 2535 255 2595 Ad
268 2533 385 2596 vetulas
399 2541 502 2596 tecum
514 2532 585 2615 plus
597 2535 697 2596 minus
712 2534 760 2593 ire
775 2531 911 2593 decem..

142 2617 254 2680 5Trita
268 2617 392 2699 quidem
404 2620 493 2679 nobis
506 2617 610 2698 togula
623 2625 672 2679 eat
684 2616 813 2705 vilisque
828 2620 992 2697 vetusque.

205 2702 334 2763 Denaris
348 2708 450 2763 tamen
462 2703 540 2763 banc
553 2722 616 2763 non
631 2720 717 2781 emar,
737 2694 847 2779 Basse,
867 2700 977 2760 tribus.

571 2836 619 2896 01.

161 2947 277 3027 Appia,
298 2964 386 3023 quam
399 2943 491 3005 slmili
505 2944 695 3007 venerandus
709 2947 742 3005 in
755 2944 891 3007 Hercule
904 2946 1019 3009 casm

205 3030 389 3106 consecrat,
410 3029 704 3089 Ausoniaemaxima
718 3030 798 3089 fama
811 3031 894 3109 viae,

162 3113 195 3174 Si
212 3115 296 3194 cupis
310 3111 440 3174 Alcidae
455 3130 641 3191 cognoscere
656 3113 737 3173 facta
750 3114 881 3193 prioris,

203 3196 309 3259 Disce:
329 3197 430 3277 Libyn
446 3195 577 3273 domuit,
600 3215 692 3257 aurea
704 3216 794 3276 poma
807 3196 897 3273 tnIlt;

137 3281 314 3344 5Peltatam
330 3281 474 3362 Scythico
489 3279 632 3340 discinxit
648 3281 800 3341 Amazona
814 3279 913 3360 nodo,

188 3367 328 3431 Addidit
342 3365 480 3430 Arcadio
494 3362 699 3446 tergaleouis
711 3384 806 3444 apro,

133 3452 342 3539 Aeripedem
355 3453 447 3521 siluit
463 3472 609 3534 cervam,
618 3445 857 3530 Stpmpbalidss
867 3446 963 3505 utria
