2264 3786
300 223 639 287 ueleuaummuou
652 224 793 290 Liui-‘iii
1006 229 1069 294 225

118 378 208 438 Nunc
220 377 297 437 milri
311 373 380 456 dic','
387 448 388 453 η
400 379 468 456 quis
477 378 559 456 erit,
581 378 693 455 culte,
716 375 889 460 (iniecisse,
912 379 1039 442 deorum

162 461 223 521 Sex
236 459 329 521 iubeo
343 463 470 541 cyathos
485 459 641 521 fulrdere‘l
667 462 782 522 Caesar
796 464 867 526 erit.

97 538 232 607 nsutilis
246 550 371 624 aptetur
384 543 511 605 deciens
524 562 595 604 ross
610 545 762 623 crinibus,
783 552 818 606 ut
831 547 873 607 sit
929 574 933 582 =

162 629 221 705 Qui
233 628 337 708 posuit
351 645 455 688 sacrae
469 625 575 688 nobile
590 628 691 707 gentis
705 647 791 709 opus.

118 713 147 772 N
150 731 208 772 unc
221 711 271 771 bis
284 712 375 791 quino
388 711 464 772 milri
479 709 517 771 du
530 712 631 789 basia,
649 710 751 772 flatui
763 709 842 772 illud
856 713 858 717 ’
991 760 1006 789 ,

77 807 80 813 ’
162 795 297 873 Nomen,
318 796 355 854 ab
374 793 506 874 Odrysio
522 792 604 872 quod
619 792 694 855 deus
710 797 786 855 orbe
800 795 880 858 tulit.

398 992 402 1001 ,
499 892 627 991 xcivs

120 1040 287 1104 Surdouica
299 1042 450 1105 medicata
465 1042 552 1105 dedii
565 1045 640 1105 milri
652 1042 763 1125 pocula
776 1046 876 1125 virge:

162 1126 205 1187 0s
218 1128 365 1188 hominis!
385 1126 517 1190 mulsum
529 1146 578 1188 me
593 1135 682 1207 rogat
695 1128 910 1209 Hippocrates.

120 1210 198 1271 'lum
211 1209 354 1291 stupidus
367 1226 519 1289 uunquam
534 1230 593 1271 uec
605 1217 656 1290 tn,
676 1220 778 1290 potos
788 1210 922 1292 Glauce,
943 1213 1046 1292 fuisti,

162 1292 297 1355 Chalcea
311 1288 436 1354 donanti
452 1295 573 1374 chrysiu
587 1294 640 1374 qui
651 1292 795 1356 dederas.

86 1378 217 1444 ,5Dulce
233 1375 343 1457 aliquis
356 1396 465 1444 munus
478 1397 536 1459 pro
549 1395 678 1438 munere
691 1380 792 1458 poscit
807 1356 931 1441 amero?

160 1462 317 1542 Accipiat,
338 1459 394 1522 sed
408 1463 436 1522 si
449 1468 536 1542 potat
549 1462 583 1522 in
597 1458 746 1524 elleboro.

352 1644 361 1659 ,
488 1594 596 1659 XCV.
621 1596 625 1609 '

118 1681 252 1786 Alplrina
266 1707 426 1786 rutefuit,
447 1706 789 1789 coepitnunc01plrius
803 1722 889 1786 esse,

160 1791 293 1889 Uxorem
307 1798 468 1872 postquam
482 1791 568 1856 duait
580 1792 801 1871 Athenagoras.

392 1902 426 1913 “’
480 1925 610 2007 ,xcvo

118 2037 236 2097 Nomou
249 2037 465 2116 Athenagorae
480 2040 618 2117 quoeris,
639 2036 834 2116 collirium,
853 2035 982 2098 terum?

161 2121 194 2180 Si
207 2120 287 2198 scio,
309 2119 497 2202 dispeream,
513 2116 580 2203 quis
595 2123 636 2181 sit
649 2123 870 2201 Athenagoras.

73 2203 164 2267 5Sed
176 2209 249 2284 puta
262 2221 312 2264 me
326 2222 447 2284 verum,
466 2204 660 2284 callistrute,
681 2205 786 2266 dicere
800 2222 928 2265 nomen:

98 2301 102 2305 “
159 2290 228 2350 Non
240 2305 321 2367 ego,
335 2285 392 2367 sed
407 2295 512 2351 vester
523 2296 634 2370 peccet
646 2289 867 2366 Athenagoras.
885 2355 888 2360 ,

494 2438 600 2503 xcvi.

119 2546 257 2612 Clinicus
269 2551 413 2619 Herodes
426 2548 551 2612 trullam
565 2547 751 2611 subduxerat
764 2565 873 2626 aegro:

102 2676 105 2680 ι
157 2634 334 2716 Deprensus
350 2635 427 2698 dixit
439 2631 578 2714 „Stulte,
601 2631 675 2712 qnid
688 2624 763 2710 ergo
776 2631 901 2707 bibisi“

492 2764 612 2830 XCVII.

109 2878 277 2962 ·Rmupitur
289 2881 403 2943 invidia
415 2881 552 2963 qnidam,
575 2881 730 2956 carissime
745 2881 818 2961 iuli,

157 2964 247 3040 Quod
259 2983 309 3026 me
322 2966 418 3027 Romu
430 2965 523 3046 legit,
545 2967 696 3047 rumpitur
709 2967 832 3056 invidie.
890 2988 893 2993 ·

114 3045 277 3128 Rumpitur
290 3049 420 3126 invidia,
442 3048 524 3130 quod
537 3052 627 3110 turba
641 3069 764 3129 semper
776 3051 811 3108 in
825 3050 907 3108 omui
935 3051 944 3056 “

157 3131 366 3193 Monstramur
380 3133 492 3211 digito,
512 3136 665 3214 rumpitur
678 3131 800 3192 invidie

92 3209 282 3296 5Rumpitur
294 3216 422 3293 invidio,
443 3218 553 3277 tribuit
568 3216 648 3296 quod
663 3216 777 3276 Caesar
791 3220 922 3290 uterque

154 3299 203 3359 ius
218 3301 293 3360 milri
307 3307 463 3379 natorum,
484 3302 635 3380 rumpitur
648 3297 771 3359 lusidio.

111 3381 274 3463 Rumpitur
285 3383 419 3465 invidis,
442 3383 526 3464 quod
540 3403 595 3446 rus
607 3383 689 3444 milui
703 3379 799 3442 dulee
810 3380 872 3439 adn
882 3377 970 3435 nnuc
987 3381 1042 3429 en&

138 3465 301 3546 Parvaque
316 3469 350 3530 iu
367 3470 447 3534 urire
465 3469 597 3554 domus,
620 3468 789 3553 rumpitur
800 3460 947 3542 inuidis.
