2264 3786
47 301 48 305 p
141 212 201 278 ιι)
459 211 599 276 ravan
624 209 843 274 nnarnnns

538 456 543 460 -
585 413 719 476 LXXXI.

132 506 138 515 Ι
223 528 386 609 „Triginta
398 535 465 590 toto
479 527 557 589 mala
570 534 641 588 aunt
655 529 870 607 epigrammata
882 524 999 587 libra.“

264 613 298 674 Si
310 612 440 674 totidem
454 614 537 674 bona·
546 619 633 688 sunt,
653 611 768 690 Lause,
789 613 886 672 bonus
898 609 981 705 liber
994 614 1053 672 eat,

577 742 766 836 anxiat.
835 722 839 729 ’

223 859 394 939 Menophili
409 876 520 938 penem
534 862 596 917 tam
610 853 841 934 grandisiibula
854 855 962 932 vestit,
1007 900 1009 905 .

264 943 306 1002 Ut
321 944 361 1001 sit
377 940 530 1001 comoedis
545 941 682 999 omnibus
697 960 757 999 una
771 941 854 998 satis.

222 1026 312 1084 Hunc
327 1043 383 1102 ego
396 1024 588 1084 credideram
598 1054 640 1070 ω
650 1042 718 1082 nam
732 1041 823 1102 saepe
833 1021 968 1081 lavamur
978 1021 1012 1081 ln
1022 1039 1112 1082 unum

265 1106 438 1167 Sollicitum
450 1109 517 1167 voci
530 1124 675 1187 parcere,
697 1105 825 1185 Flacca,
846 1111 933 1165 suae:

202 1191 302 1252 allum
315 1189 394 1251 ludit
408 1190 508 1250 monia
518 1188 632 1270 populo
645 1196 805 1268 spectante
820 1187 991 1270 palaestra,

264 1273 396 1356 Delapsa
409 1280 458 1335 est
470 1275 582 1335 misero
596 1272 707 1334 libolo:
727 1291 838 1356 verpus
853 1278 930 1334 erat.

568 1383 730 1471 nxxxnr

222 1517 405 1598 Eutrapelus
419 1526 525 1580 tonsor
539 1516 609 1579 dum
625 1520 735 1579 circuit
750 1538 804 1579 ora
816 1519 950 1599 Luperci

263 1603 473 1684 Expingitque
483 1620 590 1691 genas,
612 1601 711 1702 altera
724 1602 818 1664 barba
833 1605 925 1668 subit.

559 1722 762 1832 'mmmm‘

221 1849 380 1911 llum'mea
394 1851 527 1913 caecilio
542 1852 691 1912 formatur
704 1852 802 1928 imago
818 1849 975 1911 Secundo⁴
1028 1879 1032 1882 ·

264 1927 366 2011 Spirat
380 1941 412 1994 et
426 1941 531 2012 arguta
544 1937 626 2014 picta
638 1933 750 1995 tabella
764 1952 868 2011 manu,
969 1929 976 1947 ¹
1004 1944 1006 1948 ’

210 2016 250 2092 ’1,
271 2016 367 2091 liber,
388 2016 427 2076 ad
441 2019 578 2078 Geticam
592 2017 716 2077 Peucen
729 2014 930 2095 Histrumque
942 2015 1106 2079 iacentem:

264 2099 348 2159 llaec
361 2097 429 2158 loca
442 2099 622 2179 perdomitis
637 2100 777 2177 gentibus
790 2098 847 2160 ille
860 2105 958 2162 tenet.

202 2182 321 2241 5Parva
335 2181 420 2242 dabis
435 2203 521 2260 earo,
543 2181 599 2243 sed
613 2180 822 2260 dulciarium,
841 2180 955 2242 sodall:

265 2264 388 2325 Certior
401 2266 434 2325 in
448 2273 554 2326 nostro
569 2267 702 2326 carmine
717 2266 816 2331 voltus
830 2267 900 2328 erit.

86 2411 93 2427 ,
225 2347 351 2408 Casibus
364 2349 415 2409 hic
428 2348 539 2428 nullis,
559 2348 651 2410 nullis
667 2347 807 2410 delebilis
824 2350 909 2408 annis

266 2432 373 2512 Vivet,
393 2432 554 2516 Apelleum
569 2443 635 2494 curn
648 2432 798 2494 ¹morietur
812 2451 897 2512 opus.

580 2580 729 2647 LXXXV.
854 2595 857 2599 ’

224 2689 312 2768 Quod
326 2682 517 2753 non'insulse
531 2694 639 2754 mritis
653 2693 834 2754 tetrasticha
850 2689 1014 2773 quaedam,

265 2775 403 2836 Disticha
417 2775 500 2855 quod
512 2775 594 2837 belle
608 2796 718 2855 pauca,
740 2775 881 2855 Sabelle,
901 2776 994 2853 iacis,
1012 2850 1014 2855 Ι

223 2857 344 2937 Laudo,
362 2876 420 2919 nec
435 2857 578 2922 admiror.
606 2858 714 2919 Facile
730 2865 779 2920 eat
794 2861 1009 2940 epigrammata
1023 2854 1104 2919 belle

264 2940 424 3020 Scribere,
444 2940 501 3001 sed
513 2939 625 3001 librum
640 2944 776 3004 scribere
792 2941 920 3004 difficile
935 2949 992 3003 est.

569 3074 732 3140 LXXXVI.
798 3097 802 3103 ’

224 3184 273 3244 Ad
285 3182 444 3245 natalicias
457 3184 552 3266 dapes
564 3189 709 3265 vocabar,

222 3268 330 3327 Essem
345 3287 412 3328 curn
425 3269 499 3348 tibi,
520 3270 630 3347 Sexte,
650 3289 712 3330 nou
725 3270 845 3330 amicus.

225 3350 305 3426 Quid
318 3352 430 3412 iaetmn
444 3358 508 3431 est,
528 3370 619 3430 rogo,
640 3351 713 3431 quid
727 3360 856 3432 repente
870 3354 1058 3426 factumest,

224 3433 300 3495 Post
315 3440 364 3496 tot
373 3436 501 3516 pignora
513 3441 636 3515 noma,
654 3442 725 3518 post
736 3441 785 3497 tot
798 3454 893 3505 annos
