2264 3786
12 186 106 268 „158
320 189 406 251 ιι.
420 187 511 252 vau.
526 185 749 250 mannans
796 159 800 166 '
866 178 868 183 ’

129 341 176 402 Te
189 342 240 421 pia
255 314 423 442 Cecropiae
438 343 599 406 comitatur
612 343 701 401 turba
713 340 891 432 Minervae,
958 377 964 393 ·

171 425 218 483 Te
233 432 353 485 secreta
368 426 471 504 quies,
492 430 525 483 te
540 425 652 504 sophos
667 425 764 484 omnia
779 406 867 487 amat

108 509 309 568 5At1uvenes
325 507 399 568 alios
416 507 515 568 fracta
528 509 602 568 colit
617 526 688 566 aure
703 509 848 586 magister

170 592 211 651 Et
223 593 305 671 rapit
318 592 485 650 immeritas
499 590 641 651 sordidus
650 597 765 651 unctor
780 609 864 671 opes.

129 672 197 734 Non
210 674 289 755 pila,
310 693 373 754 non
386 673 487 752 follis,
504 680 614 734 nante
628 676 774 754 paganica
785 675 930 736 thermis,

170 757 353 839 Praeparat,
375 765 426 818 aut
436 757 515 818 nudi
529 759 643 836 stipitis
655 759 736 817 ictus
748 759 861 836 hebes,
876 804 879 809 »
951 773 953 777 ⁴

129 841 281 909 Varanee
297 843 329 901 iu
347 840 433 900 leuto
449 846 602 900 ceromate
616 841 740 900 brachia
754 840 873 918 tendis,
967 912 971 922 .

89 937 123 987 lo
170 927 238 985 Non
252 926 395 1005 harpasta
407 943 498 1002 vagus
512 922 728 1002 pulverulenta
740 925 845 1003 rapis,
881 968 893 975 .-

131 1008 193 1069 Sed
210 1009 308 1067 curris
321 1009 424 1066 niveas
441 1013 558 1066 tantum
571 1017 671 1086 prhpe
683 1007 820 1084 Virginis
834 1007 950 1085 mdes,

73 1088 80 1166 ζ
171 1093 234 1151 Aut
247 1091 300 1150 ubi
317 1088 443 1150 Sidonio
458 1096 562 1150 taurus
577 1108 680 1150 amore
695 1089 783 1150 calet.

131 1176 191 1235 Per
205 1176 302 1233 varias
317 1181 415 1252 artes,
438 1175 535 1234 omnis
550 1175 657 1252 quibus
672 1191 743 1233 area
756 1168 880 1252 fervet,
944 1233 954 1245 ,
1015 1178 1022 1185 ”

172 1256 313 1337 Ludere,
336 1277 403 1329 cum
418 1256 511 1318 liceat
527 1274 670 1336 currere,
690 1257 815 1338 pigritia
829 1262 886 1318 est.

493 1390 628 1452 XXXIII.

132 1494 294 1568 Sordidior
308 1523 384 1564 ceno
401 1522 469 1563 cum
482 1505 523 1563 sit
535 1512 622 1582 toga,
642 1500 762 1562 calceus
776 1507 879 1573 autem

174 1587 341 1650 Candidior
354 1588 453 1669 prima
470 1589 598 1664 sittim,
621 1587 734 1664 Cinna,
752 1587 838 1645 nive:

53 1682 57 1686 ’
132 1674 260 1734 Deiecto
275 1671 364 1752 quid,
385 1673 507 1752 inepte,
527 1670 624 1751 pedes
638 1669 798 1749 perfundis
813 1669 945 1729 amictu?

174 1755 311 1837 Collige,
333 1757 446 1836 Cinna,
466 1762 583 1836 togam3
605 1752 726 1815 calcem
740 1770 814 1816 ecce
826 1753 920 1834 perit.

495 1889 631 1952 XXXIV.
726 1962 727 1965 Ἴ
786 1958 788 1963 ,

134 2005 200 2080 Quo
214 2005 312 2084 possit
324 2004 394 2063 lieri
408 2001 515 2078 modo,
537 2001 669 2077 Severe,

133 2088 176 2148 Ut
188 2089 235 2147 vir
251 2089 401 2166 pessimus
416 2086 548 2144 omnium
563 2084 730 2149 Charinus

134 2171 232 2231 Unam
246 2188 312 2229 rem
326 2171 406 2229 bene
420 2168 549 2245 fecerit,
568 2166 726 2246 requiris?

132 2254 254 2331 Dicam,
276 2253 332 2312 scd
346 2254 417 2317 cito.
447 2250 528 2327 Quid
540 2248 665 2310 Nerone
679 2248 790 2329 peiuri

114 2336 218 2412 5Quid
230 2337 359 2397 thermis
372 2334 480 2396 melius
494 2334 699 2395 Neronianis?

133 2421 202 2480 Non
216 2419 304 2480 deest
317 2423 473 2502 protinus,
495 2437 585 2499 ecce,
607 2416 646 2478 de
661 2416 815 2496 malignis,

137 2505 195 2579 Qui
209 2505 253 2564 sic
267 2503 426 2565 rancidulo
440 2505 584 2582 loquatur
599 2503 679 2562 orea'

135 2587 200 2664 „Ut
214 2574 287 2666 quid
301 2595 335 2649 tu
349 2587 464 2649 domini
479 2588 591 2666 deique
605 2587 704 2646 nostri

120 2671 280 2731 ΧΡιιιιΐοιι
294 2674 471 2733 muneribus
483 2668 716 2731 Νθιιιιιίιιιιιιι’ἒιι

23 2797 30 2813 ,
96 2753 285 2819 10Thermas
298 2755 443 2838 praefero
456 2752 575 2814 balneis
590 2751 718 2815 cinaedi.

532 2886 655 2948 XXXV.

137 3004 263 3082 Inguina
275 3000 446 3062 succinctus
459 2999 548 3077 nigra
560 2997 618 3057 tihi
632 2985 737 3056 servus
754 2992 879 3055 aluta

164 3089 264 3164 .Stat,
287 3086 429 3164 quotiens
443 3081 552 3142 calidis
564 3085 631 3139 tota
644 3080 758 3140 foveris
773 3081 868 3157 aquis.

138 3170 200 3232 Sed
214 3188 313 3248 meus,
334 3167 420 3227 atde
435 3170 633 3242 metaneam,
653 3163 818 3240 Laecania,
841 3177 947 3222 servus

158 3253 322 3315 Iudaeum
336 3250 417 3312 nuda
433 3251 488 3311 sub
505 3254 574 3309 oute
588 3246 708 3328 pondus
722 3247 833 3323 habet,

108 3337 200 3398 asad
211 3337 291 3398 nudi
304 3341 407 3399 'tecum
421 3335 607 3413 iuvenesque
621 3347 772 3407 senesque
784 3288 932 3390 lavantur.

157 3421 210 3479 An
224 3421 293 3488 sola
311 3429 362 3487 eat
376 3442 463 3487 serra
453 3415 620 3486 mentula
633 3435 711 3479 uera
721 3412 792 3474 tui‘t
975 3432 978 3436 ⁴
