2264 3786
216 266 259 289 Ι,
299 189 636 253 unumunurm
648 190 721 252 un.
736 191 758 251 1.

105 346 258 423 Argcnto‚
279 345 365 422 niue,
386 341 472 420 lilio,
494 342 640 420 ligustro:

103 428 164 487 Sed
179 427 327 506 quandam
341 425 410 486 volo
424 433 516 485 nocte
533 427 717 503 nigriorem,

88 513 264 588 5Formica‚
285 512 372 589 pice,
395 507 533 588 graculo,
552 509 663 569 cicada.

101 597 161 655 lam
175 593 338 673 suspendia
352 612 441 652 saeva
455 594 623 669 cogitabas:

103 680 134 737 si
148 680 219 737 novi
234 679 313 737 bene
329 683 379 754 te,
399 675 551 754 Procillc,
572 676 664 735 vives.

480 806 584 870 CXVI.

100 923 169 982 Hoc
183 940 289 981 nemus
306 928 432 981 aeterno
447 922 583 981 cinerum
597 922 728 981 sacravit
740 920 851 980 honori

142 1006 275 1064 Faenius
293 1011 326 1064 et
341 1004 414 1064 culti
428 1006 533 1083 iugera
547 1003 676 1083 pulchra
690 1002 758 1064 soli.

101 1090 169 1148 Hoc
182 1091 298 1166 tegitur
313 1089 373 1147 cito
388 1095 475 1167 rapta
488 1089 549 1146 sois
564 1086 691 1148 Antulla
704 1085 862 1167 sepulcro,

142 1173 211 1232 Hoc
226 1174 287 1231 crit
300 1170 446 1231 Antullae
460 1173 570 1231 mixtus
584 1177 716 1249 uterque
730 1190 852 1250 parens.

81 1256 137 1316 osi
152 1258 236 1335 cupit
249 1257 330 1314 huuc
345 1251 472 1333 alionis,
491 1268 616 1331 moneo,
638 1273 678 1314 nc
693 1261 799 1334 speret
814 1251 962 1333 agellum:

141 1339 298 1419 Perpetuo
314 1337 444 1398 dominis
458 1337 572 1398 serviet
585 1338 645 1398 iste
661 1338 732 1398 suis.
808 1360 816 1369 ·

310 1529 313 1536 ·
425 1486 427 1491 ’
471 1485 589 1548 cxvii.

100 1599 245 1658 Occurris
263 1599 420 1677 quotiens,
440 1598 600 1678 Luperco,
620 1600 725 1660 nobis:

101 1682 179 1760 „Vis
192 1684 309 1741 mittam
322 1681 472 1762 puerum“
487 1682 616 1741 subinde
631 1682 724 1760 dicis,

101 1765 182 1842 „cai
196 1764 298 1825 tradas
313 1766 552 1845 epigrammaton
568 1763 728 1842 libellum,

101 1848 229 1909 Lectum
245 1867 334 1928 quom
347 1848 404 1908 tibi
418 1849 559 1927 protinus
573 1849 727 1913 remittam
734 1848 771 1906 Ψ(

80 1931 173 1994 5Non
191 1938 239 1991 ost
255 1930 336 2011 qnod
349 1950 493 2010 puerum,
514 1932 672 2012 Luperca,
692 1950 793 1994 vexes.

100 2015 238 2093 Longum
252 2022 317 2093 cst,
340 2013 507 2074 rivalitati
524 2014 628 2077 Pirum
643 2017 767 2095 venire,

100 2098 142 2158 lut
156 2097 247 2158 scalis
261 2099 365 2158 habito
380 2100 495 2176 tribus,
517 2098 572 2158 scd
587 2099 667 2160 altis.

101 2181 191 2257 Quod
201 2183 329 2260 'quaeris
343 2183 468 2262 propius
486 2189 572 2262 potas
585 2181 702 2243 licebit.

102 2265 179 2343 Argi
191 2283 303 2345 nempe
320 2265 403 2325 soles
421 2265 525 2325 subire
538 2265 650 2326 letum:

59 2359 93 2409 10
102 2349 218 2408 Contra
232 2349 372 2408 Caesaris
386 2334 435 2408 cst
447 2349 548 2408 forum
563 2352 692 2409 taberna

101 2431 232 2511 Scriptis
249 2433 387 2512 postibus
400 2426 472 2491 mim
487 2430 520 2491 ot
534 2431 608 2491 inde
622 2435 714 2508 totis,

101 2515 216 2575 Omnes
229 2525 263 2575 ut
279 2517 340 2574 cito
354 2513 497 2596 perlegas
510 2521 627 2593 poetas.

100 2597 189 2658 illinc
203 2617 251 2658 me
265 2604 356 2679 pete,
377 2617 436 2657 nec
452 2615 543 2675 roges
557 2598 736 2675 Atrectum,
749 2630 793 2642 —

100 2683 169 2743 Hoc
184 2701 295 2742 nomeu
311 2681 450 2741 domiuus
464 2680 545 2759 gerit
558 2682 723 2759 tabernae,
740 2715 782 2725 -

60 2767 146 2841 lolio
160 2768 259 2844 primo
274 2765 359 2825 dabit
372 2762 509 2824 alterove
523 2763 596 2824 nido

101 2848 213 2908 Rasum
226 2848 346 2929 pumice
359 2865 555 2927 purpuraque
570 2847 684 2908 cultum

102 2932 233 2992 Denaris
246 2933 304 2991 tibi
321 2933 454 3009 quinque
468 2930 652 2991 Martialem.

101 3015 217 3093 „Tanti
231 3034 293 3075 non
310 3014 365 3073 cs“
380 3014 447 3074 ais‘l
468 3015 572 3093 Sapis,
594 3014 744 3094 Luperco.

339 3140 344 3155 ¹
465 3145 596 3208 CXVlll.

102 3263 159 3322 Cui
173 3259 288 3339 legisse
304 3263 377 3322 satia
390 3281 451 3322 non
466 3270 514 3322 est
528 3263 744 3340 epigrammata
759 3266 895 3337 centum,

142 3343 251 3406 Nililli
265 3347 338 3407 satis
353 3351 417 3424 est,
438 3345 639 3422 Caediciane,
662 3344 742 3406 mali.

1007 188 1048 252 39
