2264 3786
216 280 217 285 η
289 213 654 275 ,ΕΡΙΕΒΑΜΜΑΤΟΝ
668 215 740 277 Lm.
757 216 778 278 l.
1022 218 1063 281 31
1099 216 1118 273 J

400 345 403 351 ’
475 365 625 430 cxxxv.

115 476 275 540 Venderet
289 477 425 539 excultos
442 452 537 551 colles
552 498 619 537 cunr
631 497 745 560 praeco
760 475 878 541 ia'cetus

155 562 258 639 Atque
273 563 557 640 suburbaniiugera
569 561 702 643 pulchra'
714 559 789 640 soli,

54 646 58 653 '
112 643 250 722 „Errat“
263 647 306 705 ait
319 647 368 724 „si
384 647 452 725 quis
466 646 567 706 Mario
581 651 669 726 putat
684 664 753 706 esse
768 666 897 709 necesse

155 727 318 791 Vendere:
336 728 381 789 nil
395 729 505 807 debet,
525 728 649 789 fenerat
662 730 753 791 immo
768 732 894 810 magis.“

93 813 247 890 5„„Quae
261 813 340 872 ratio
356 819 404 873 est
417 811 582 891 igitur?““
603 813 737 891 „Servos
751 815 795 875 ibi
808 813 946 895 perdidit
957 834 1062 876 omues

153 897 195 955 Et
209 914 304 975 pecus
318 902 351 956 et
364 897 498 974 fructus,
520 914 582 955 non
598 903 677 956 amat
691 895 764 956 iude
777 899 910 960 locum.“

114 980 188 1055 Quis
201 980 321 1039 faceret
334 980 468 1058 pretium
481 981 541 1039 nisi
551 982 607 1057 qui
623 999 677 1040 rna
690 981 826 1060 perdere
839 981 937 1044 uellet

155 1063 286 1123 Omnia?
314 1063 366 1123 Sic
380 1064 481 1124 Mario
496 1064 604 1124 noxius
618 1064 729 1126 haeret
744 1085 825 1144 ager.

463 1196 626 1261 LXXXVI.

111 1295 238 1358 Vicinus
252 1312 337 1354 meas
352 1302 401 1355 est
414 1314 564 1375 manuque
578 1297 663 1375 tangi

111 1378 157 1438 De
171 1380 286 1439 nostris
300 1379 414 1439 Novius
426 1387 531 1460 potest
544 1380 702 1443 fenestris.

112 1462 186 1537 Quis
199 1481 262 1522 non
275 1461 410 1523 invideat
424 1464 499 1523 mihi
513 1469 663 1544 putetque

111 1546 205 1605 Horis
221 1547 359 1605 omnibus
374 1565 443 1606 esse
458 1566 507 1607 me
521 1550 659 1625 beatum,

92 1629 218 1688 tluncto
233 1630 282 1689 cni
296 1627 390 1689 liceat
403 1631 466 1690 frui
480 1629 610 1691 sodale?

112 1713 188 1772 Tam
202 1711 296 1790 louge
311 1720 359 1772 est
371 1714 447 1784 mihi
463 1734 551 1792 quam
567 1714 793 1791 Terentianus,

110 1796 169 1871 Qui
182 1807 263 1855 nunc
277 1794 423 1856 Niliacam
436 1799 518 1874 regit
533 1796 665 1874 Syenen.

109 1880 177 1939 Non
193 1881 371 1957 convivere,
391 1886 451 1940 nec
464 1879 571 1940 ridere
585 1881 702 1958 saltim,

109 1964 178 2023 Non
193 1962 300 2023 audire
313 1960 405 2042 licet,
425 1982 486 2024 nec
498 1966 576 2024 urbe
590 1969 656 2024 tota

72 2047 275 2125 loQuisquam
289 2054 337 2106 est
351 2055 413 2107 tam
426 2056 525 2129 prope
539 2054 600 2108 tarn
613 2046 783 2129 proculque
798 2052 895 2112 nobis.

110 2129 305 2208 Migrandum
321 2138 369 2191 est
383 2134 458 2192 mihi
471 2133 590 2210 longius
604 2132 654 2193 vel
670 2132 726 2195 illi.

107 2214 234 2275 Vicinus
247 2214 343 2274 Novio
358 2216 408 2276 vel
424 2218 590 2295 inquilinus

111 2298 172 2376 Sit,
195 2298 221 2356 si
236 2299 303 2376 quis
317 2298 444 2361 Novium
456 2301 563 2360 videre
578 2321 639 2361 non
655 2302 726 2361 volt.

372 2436 375 2441 '
402 2423 406 2435 '
453 2435 629 2497 LXXXVII.

110 2531 155 2591 Ne
171 2533 270 2610 gravis
284 2531 432 2591 hesterno
446 2532 582 2608 fragres,
603 2529 788 2607 Fescennia,
803 2531 890 2608 rino,

150 2614 295 2676 Pastillos
309 2615 412 2676 Cosmi
425 2613 579 2675 luxuriosa
592 2632 688 2674 voras.
803 2666 805 2673 .

64 2767 68 2778 Ι
108 2701 168 2758 ista
183 2698 286 2759 linunt
300 2698 410 2772 dentes
424 2695 591 2773 iantacula,
613 2695 669 2756 sed
682 2695 761 2756 nihil
776 2700 913 2775 obstant,

150 2778 297 2843 Extremo
312 2790 419 2843 ructus
434 2803 501 2841 cum
514 2781 599 2841 redit
614 2802 631 2841 a
644 2783 800 2842 barathro.

90 2867 194 2942 oQuid
213 2865 294 2946 quod
309 2865 373 2926 olet
387 2869 506 2946 gravius
520 2867 645 2926 mixtum
659 2865 844 2946 diapasmate
857 2869 940 2927 virus
992 2908 995 2913 -

150 2951 253 3030 Atque
268 2948 382 3030 duplex
396 2952 512 3010 animae
530 2950 651 3028 longius
668 2953 732 3010 exit
745 2951 845 3011 odori

46 3084 49 3088 Α
109 3033 203 3093 Notas
218 3053 293 3112 ergo
307 3035 397 3093 nimis
411 3032 536 3093 fraudes
551 3032 764 3113 deprensaque
777 3035 859 3094 furta

149 3118 211 3179 lanr
224 3117 315 3178 tollas
329 3124 362 3177 et
376 3118 417 3177 sis
432 3119 518 3177 ebria
532 3117 719 3197 simpliciter.

448 3252 629 3316 LXXXVIII

108 3336 243 3442 dicime,
267 3385 357 3444 quem
370 3372 491 3447 raptum
505 3365 627 3425 domino
643 3364 853 3424 crescentibus
867 3364 953 3423 annis
1066 3396 1076 3407 ι

148 3448 296 3509 Lauicano
310 3448 372 3509 levi
389 3451 507 3533 cespite
521 3448 603 3508 velat
618 3448 742 3525 humus,
