2264 3786
17 192 80 255 236
334 189 379 252 M.
394 189 485 253 VAL.
500 188 724 251 MARTIALIS

101 346 213 404 Omnes
228 340 392 422 Sulpiciam
406 340 512 420 legent
525 342 642 418 mariti,

99 431 161 489 Uni
176 429 227 506 qui
241 428 365 506 cupiunt
379 425 503 504 placere
516 433 638 504 nuptae.

78 513 169 573 5Non
185 513 261 570 haec
278 509 444 570 Colchidos
459 511 569 568 asserit
579 509 731 585 furorem,
841 554 845 569 .

99 597 166 654 Diri
180 592 308 674 prandia
321 611 380 652 nec
394 592 495 652 refert
505 592 682 670 1'l'hyestae3

100 676 246 756 Scyllam,
265 675 394 755 Byblida
406 695 464 736 nec
477 675 573 735 fuisse
589 673 705 751 credit,
754 750 758 756 ι

100 760 162 821 Sed
176 767 276 821 castos
291 759 382 819 docet
396 765 429 831 et
442 760 510 840 pios
525 777 658 837 amores,

96 844 212 922 Lusus,
234 843 360 911 delicias
373 843 570 920 sanctiusque.

59 941 93 992 10
100 929 193 988 Cuius
208 928 341 987 carmina
358 928 410 1003 qui
424 927 503 985 bene
518 925 702 1001 aestimarit,

98 1011 217 1072 Nullam
233 1009 346 1069 diserit
359 1026 428 1068 esse
443 1011 642 1086 sanctiorem,

99 1093 221 1154 Nullam
235 1092 347 1151 dixerit
362 1109 430 1151 esse
445 1093 633 1170 nequiorem.

101 1178 195 1237 Tales
208 1176 339 1254 Egeriae
353 1176 437 1234 iocos
450 1175 548 1234 luisse
587 1199 591 1204 ·

100 1260 170 1321 Udo
187 1258 373 1319 crediderim
386 1258 501 1318 Numae
516 1260 571 1319 rub
587 1265 684 1323 antro.

59 1345 165 1406 15Hoc
180 1341 387 1423 condiscipula
400 1341 451 1402 vel
463 1344 520 1402 hac
534 1345 677 1421 magistra

100 1429 193 1488 Esses
208 1426 328 1487 doctior
342 1433 374 1486 et
387 1426 512 1506 pudica,
534 1427 672 1506 Sappho:

102 1510 164 1570 Sed
179 1517 280 1570 tecum
294 1511 412 1589 pariter
428 1496 578 1589 simulque
591 1511 684 1568 visam

101 1594 202 1655 Durus
217 1594 382 1674 Sulpiciam
396 1594 502 1675 Bhaop
516 1602 636 1653 amarat.

101 1678 244 1739 Frustra:
265 1696 396 1757 namque
412 1696 449 1737 ea
463 1696 520 1737 nec
535 1677 684 1737 Tonantis
699 1695 791 1754 uuor,

60 1762 164 1822 20Nec
177 1763 305 1838 Bacchi,
325 1779 383 1820 nec
397 1759 552 1840 Apollinis
567 1758 671 1842 puella

102 1845 220 1927 Erepto
235 1846 293 1906 sibi
307 1845 425 1905 uiueret
438 1844 562 1907 Caleno.

464 1978 600 2038 XXXVI.

102 2090 243 2169 Improba
256 2089 413 2150 Massiliae
429 2088 579 2168 quidquid
593 2088 722 2149 fumaria
736 2096 863 2169 cogunt,

144 2174 265 2252 Accipit
277 2179 409 2233 aetatem
424 2173 560 2255 quisquis
574 2173 610 2232 ab
625 2172 697 2250 igne
713 2171 820 2250 cadus,

101 2257 129 2314 A
143 2256 191 2333 te',
212 2256 343 2333 Munna,
365 2256 463 2317 venit:
485 2257 606 2314 miseris
623 2262 656 2314 tu
670 2256 766 2316 mittis
781 2256 886 2315 amicis

142 2339 204 2399 Per
217 2339 314 2419 freta,
334 2359 392 2421 per
406 2339 513 2417 longas
526 2340 626 2399 toxica
640 2358 729 2399 saeva
742 2342 823 2413 vias3

80 2422 167 2484 5Nec
178 2423 262 2483 facili
277 2426 395 2504 pretio,
416 2422 473 2482 sed
487 2442 546 2502 quo
562 2431 707 2483 contenta
719 2422 844 2483 Falerni

143 2507 238 2567 Testa
252 2509 293 2567 sit
307 2515 358 2568 aut
372 2507 459 2568 cellia
475 2507 560 2567 Setia
574 2526 643 2566 cara
656 2507 728 2567 suis.

101 2591 169 2651 Nou
183 2593 286 2650 venias
302 2609 395 2669 quare
410 2597 471 2650 tam
485 2589 577 2669 longo
592 2597 731 2670 tempore
745 2591 887 2665 Romam,

142 2674 228 2734 Haec
244 2681 319 2754 puto
334 2695 422 2761 ceusu
435 2675 494 2734 tibi
508 2683 572 2752 est,
593 2693 633 2734 ne
646 2681 698 2733 tua
711 2675 780 2733 vina
793 2674 889 2733 bibas.

457 2807 606 2868 XXXVII.

102 2920 179 2979 Iuris
194 2925 227 2978 et
241 2935 403 2995 aequarum
417 2917 517 2977 cultor
532 2919 725 2993 sanctissime¹
734 2916 853 2997 legum,

143 3001 290 3065 Veridico
303 3000 424 3063 Latium
438 3003 491 3080 qui
504 3003 587 3079 regia
602 3019 657 3060 ore
671 3001 787 3077 forum,

102 3085 269 3166 Municipi,
289 3085 447 3162 Materne,
466 3092 519 3145 tuo
533 3086 693 3163 veterique
707 3083 804 3157 sodali

145 3167 310 3229 Callaicum
325 3168 448 3228 mandas
464 3168 566 3248 siquid
580 3167 618 3227 ad
631 3168 800 3244 Oceanum,
897 3214 903 3235 ,.

81 3253 153 3313 ann
166 3252 352 3312 Laurentino
366 3258 472 3332 turpes
485 3254 518 3312 iu
530 3250 625 3311 litore
639 3269 727 3308 ranas

142 3335 183 3395 Ei
196 3337 290 3396 satius
303 3343 412 3396 tenues
426 3336 540 3395 ducere
555 3332 656 3392 credis
673 3351 759 3409 ocos,

103 3418 153 3479 Ad
166 3439 219 3479 sna
233 3420 381 3499 captivum
397 3438 485 3498 quam
499 3435 569 3479 saxa
581 3417 742 3477 remittere
756 3413 896 3492 mullum,
