2264 3786
425 201 485 297 ιι.
501 199 592 264 ιιι.
608 176 834 289 mannus

131 428 134 433 ¹
227 394 229 403 .
250 356 291 414 Et
305 373 396 433 supra
409 362 509 414 vatem
525 353 621 414 multa
636 354 786 434 pependit
800 355 879 431 avis,

208 439 277 518 lpse
291 437 347 498 sed
361 439 480 516 ingrato
495 440 588 499 iacuit
600 439 752 499 laceratus
767 440 805 498 ab
819 457 900 498 urso.

250 522 335 581 llaec
347 528 464 600 tamen,
485 523 562 582 haec
576 541 627 582 res
643 523 859 601 estfactum,
875 522 953 605 'licta
967 524 1061 603 prior.

457 698 459 703 .
570 657 657 736 xn,
679 659 709 717 n.

209 768 333 850 Orphea
347 768 429 849 quod
443 770 543 830 subito
556 768 650 830 tellus
666 770 768 830 emisit
777 771 879 849 hiatu,
931 749 932 753 Ἰ

248 854 706 916 Versa-miramurl-venltab
720 853 884 934 Eurydice.

594 966 688 1026 xxfl.

208 1063 381 1125 Sollicitam
395 1063 497 1144 pavidi
511 1061 583 1124 dum
596 1064 794 1123 rhinocerota
806 1064 945 1143 magistri

250 1147 352 1228 Seque
368 1148 420 1207 diu
433 1166 559 1226 magnac
575 1145 716 1226 colligit·
706 1166 753 1207 rra
766 1149 872 1226 ferae,

207 1232 455 1315 Desperabantur
470 1233 613 1311 promissi
625 1231 742 1311 praelia
756 1231 885 1302 Martis,

249 1316 312 1376 Sed
322 1311 450 1376 tandem
465 1315 560 1376 rediit
575 1317 714 1394 cognitus
729 1322 799 1376 ante
815 1316 912 1376 furor

68 1426 77 1437 ·
179 1399 338 1479 5Namque
349 1419 471 1478 gravem
483 1418 578 1460 cornu
590 1399 710 1500 gemino
724 1399 767 1459 sic
780 1396 891 1458 extulit
902 1418 1023 1480 ursum,

247 1485 343 1545 lactat
356 1488 390 1544 ut
403 1484 561 1589 impositas
574 1483 704 1543 taurus'
693 1502 727 1542 ru
741 1490 823 1543 astra
836 1480 926 1564 pilas

584 1612 693 1676 XXllL

205 1710 318 1771 Norica
329 1713 389 1772 iam
403 1717 489 1771 certo
506 1709 656 1771 venabula
670 1710 776 1788 dirigit
789 1711 854 1770 ictu
981 1700 985 1705 ⁵

174 1819 175 1822 ¹
246 1795 351 1854 Fortis
366 1795 465 1855 adhuc
479 1797 582 1856 teneri
597 1794 725 1855 dextera
740 1793 948 1873 Carpophori:

204 1875 263 1938 llle
278 1877 351 1939 tulit
364 1882 501 1958 geminos
515 1878 600 1940 facili
615 1879 736 1939 cervice
747 1879 908 1954 iuvencos,

246 1960 296 2022 Illi
312 1964 404 2023 cessit
420 1971 507 2023 atrox
522 1962 650 2022 bubalus
664 1969 756 2040 atque
771 1961 868 2020 bison.

164 2046 296 2106 =illunc
308 2044 359 2105 leo
377 2065 444 2106 curn
459 2046 600 2125 fugeret,
621 2063 770 2125 praeceps
784 2045 816 2103 in
830 2042 893 2102 tela
908 2044 1058 2102 cucurrit:

247 2129 260 2188 l
277 2142 358 2190 nunc
374 2136 407 2190 et
420 2128 520 2191 lentas
535 2129 676 2210 corripe,
695 2129 801 2206 turba,
820 2145 930 2189 moras.

580 2261 691 2326 XXIV.

205 2377 238 2437 Si
255 2379 322 2456 quis
337 2377 410 2438 ades
423 2375 525 2456 longis
539 2394 626 2437 serus
640 2380 796 2456 spectator
808 2375 845 2435 ab
861 2375 941 2450 oris,

247 2462 305 2522 Cui
317 2461 370 2522 lux
382 2463 481 2542 prima
495 2462 575 2520 sacri
593 2461 727 2520 muneris
741 2459 888 2536 latescit,

204 2545 250 2607 Ne
264 2552 297 2606 te
317 2545 451 2626 decipiat
463 2546 580 2605 ratibus
591 2541 706 2604 navalis
721 2544 808 2620 Enyo

245 2631 287 2689 nt
298 2650 353 2710 par
365 2629 446 2689 unda
458 2630 563 2707 fretis,
584 2629 636 2688 hic
652 2626 742 2686 modo
756 2633 842 2685 terra
853 2623 923 2686 fuit.

181 2714 272 2774 5Nou
285 2712 409 2773 credis.
429 2719 550 2791 specta,
573 2711 643 2771 dum
657 2711 773 2770 lassant
785 2727 918 2786 aequora
933 2706 1075 2766 Martem.

245 2798 342 2857 Parva
357 2816 442 2857 mora
453 2804 515 2857 est
538 2794 622 2856 dices
634 2795 716 2873 „Hic
728 2791 818 2853 modo
833 2798 945 2870 pontus
959 2793 1047 2853 erat‘
1038 2790 1058 2824 11
1110 2820 1115 2828 ·

589 2928 684 2991 XXV

204 3040 293 3118 Quod
305 3050 455 3102 nocturna
469 3044 542 3116 tibi,
563 3038 721 3115 Leandro,
740 3037 919 3118 pepercerit
932 3032 1013 3096 unda

244 3129 359 3188 Desine
370 3128 490 3186 mirari:
512 3126 652 3186 Caesaris
666 3122 746 3183 unda
760 3122 827 3182 fuit.

556 3259 657 3337 xxv,
677 3260 707 3320 a.

206 3375 282 3433 Cum
295 3381 420 3454 peteret
437 3371 543 3433 dulces
558 3371 654 3432 audax
666 3370 825 3432 Leandros
840 3387 960 3430 amores

91 3456 126 3559 p·
238 3459 284 3518 Et
296 3459 399 3518 fessus
412 3457 535 3520 tumIdis
551 3459 610 3518 iam
623 3462 818 3539 premeretur
833 3456 935 3534 aquis,
