2264 3786
30 175 34 190 '
89 183 149 246 xeo
230 129 232 134 ⁵
406 180 451 243 M.
466 178 556 242 ιιι.
570 178 793 258 maxumus

151 335 215 396 aut
229 348 316 392 mane
331 329 421 390 sudus
434 333 519 391 urbis
535 331 646 392 osculis
658 330 751 409 udus,

174 418 319 495 Foroque
333 413 450 493 triplici
464 434 586 495 sparsus
601 422 672 475 ante
689 433 784 492 equos
799 430 905 474 omnes

171 499 349 578 Aedemque
363 497 474 559 Martis
488 507 522 559 et
536 498 676 559 colosson
689 499 835 576 Augusti,
880 526 882 531 ’

173 584 280 644 Curris
294 600 352 663 per
366 600 470 642 omnes
484 584 653 662 tertiasque
668 583 860 661 quintusque.

172 669 273 747 Rape,
294 683 442 744 congere,
464 667 567 742 auser,
588 665 733 746 posside:
749 663 986 745 relinquendum
1000 670 1056 725 est.

132 764 166 814 10
174 752 311 830 Superba
324 748 427 808 densis
442 770 512 809 arua
524 747 640 830 palleat
654 751 800 827 nummis,

55 843 60 847 ’
174 836 303 896 Centum
319 832 510 913 explicentur
522 835 650 912 paginae
663 831 886 914 Kalendarum,

174 919 289 978 iurabit
302 917 412 993 heres,
433 923 465 976 te
480 916 559 976 nihil
572 916 751 996 reliquisse,

174 1004 332 1080 Supraque
344 999 482 1079 pluteum
495 1007 527 1059 te
541 1002 662 1060 iacente
680 999 729 1059 vel
743 1019 860 1078 saxum,

173 1086 284 1145 Fartus
299 1103 414 1162 papyro
430 1083 501 1143 dum
514 1085 573 1144 tibi
587 1090 673 1144 torus
688 1085 816 1162 crescit,
920 1137 924 1141 .

134 1168 301 1230 15Flentes
317 1168 466 1246 superbus
479 1168 609 1227 basiabit
625 1167 798 1241 eunuchos3

66 1290 68 1295 ‹
176 1253 305 1330 ἸιιοιῙιιθ
320 1251 417 1310 tristis
431 1249 529 1328 iilius,
550 1249 628 1310 velis
642 1249 739 1328 nolis,
850 1307 853 1311 .

175 1338 251 1396 (ium
266 1335 434 1394 concubino
449 1341 549 1395 nocte
557 1333 689 1395 dormiet
703 1336 809 1453 primu

552 1495 645 1556 XLV.

173 1577 296 1664 Vriscus
311 1605 348 1663 ab
362 1604 508 1664 Aetnaeis
522 1607 612 1684 mihi,
632 1587 761 1680 Flacco,
784 1602 952 1664 Terentius
967 1604 1030 1664 oris

145 1694 147 1698 '
214 1687 381 1748 Redditur:
399 1688 478 1749 hanc
490 1687 590 1751 lucem
605 1688 709 1750 lactea
722 1707 840 1768 gemma
852 1694 949 1749 notet.

174 1772 295 1833 Defluat
310 1779 342 1832 et
354 1771 439 1832 lento
455 1771 651 1854 splendescat
663 1772 787 1834 turbida
801 1771 867 1832 lino

215 1856 371 1936 Amphora
385 1864 516 1918 centeno
531 1857 655 1918 consule
669 1858 751 1917 facta
763 1857 875 1916 minor

152 1940 344 2017 ocontinget
357 1958 417 2000 uox
435 1940 554 2018 quando
568 1943 644 2002 meis
658 1946 719 2000 tam
735 1935 865 2001 candida
878 1937 1016 1998 mensis?

218 2021 295 2081 'l'am
308 2023 388 2082 iusto
403 2022 525 2084 dabitur
540 2024 659 2103 quando
675 2023 776 2084 calere
791 2022 899 2083 mero?

177 2107 252 2164 Cum
263 2111 311 2183 te,
332 2105 460 2183 Flacco,
482 2108 558 2167 mibi
571 2106 683 2167 reddet
699 2107 866 2186 Cythereia
880 2105 1016 2185 Cypros,

216 2188 366 2251 Luxuriae
379 2189 436 2250 liet
449 2196 512 2250 tam
525 2192 605 2251 bona
619 2189 714 2251 causa'
724 2209 820 2256 meae.

555 2344 661 2410 xxvi.

101 2471 108 2477 ’
175 2470 295 2546 Quanta
308 2477 360 2531 tua
374 2477 422 2533 est
435 2472 591 2553 probitas,
612 2479 697 2534 tanta
712 2479 761 2533 est
773 2471 904 2533 infantia
919 2471 1052 2546 formae,

57 2557 61 2564 '
110 2611 116 2633 Ι
218 2554 311 2615 Ceste
325 2573 421 2634 puer,
442 2575 539 2636 puero
556 2559 669 2619 castior
682 2555 845 2638 Hippolyt
820 2556 867 2616 to!

176 2638 224 2697 Te
240 2655 343 2698 secum
357 2639 453 2698 Diana
468 2639 545 2700 velit
562 2640 731 2721 doceatque
748 2647 872 2716 natare,

104 2757 105 2761 =
219 2721 328 2800 TcGy
328 2719 410 2781 bele
412 2727 511 2783 totum
527 2724 634 2786 mallet
649 2727 765 2785 habere
779 2724 913 2802 Phryge.
1000 2738 1003 2742 ·

153 2831 169 2863 a
155 2802 227 2862 Tu
243 2742 439 2882 Ganymedeo
453 2812 577 2885 poteras
591 2807 759 2868 succedere
773 2806 872 2883 lecto,

218 2883 282 2947 Sed
296 2886 389 2947 durus
403 2886 623 2950 dominobasia
638 2891 704 2951 sola
718 2891 816 2952 dares.

161 2967 277 3113 Felitr,
300 2988 377 3050 quae
390 2976 532 3033 tenerum
545 2975 666 3034 vexabit
683 2992 793 3054 sponsa
807 2973 949 3033 maritum

215 3055 347 3134 thuae
363 3061 395 3115 te
410 3055 504 3117 faciet
517 3058 616 3137 prima
628 3058 733 3139 puella
747 3058 857 3119 virum!

544 3213 662 3275 XLVII.

168 3323 248 3382 Pars
260 3323 451 3386 maxillarum
464 3333 553 3387 tonsa
566 3332 614 3385 cst
627 3328 703 3404 tibi,
722 3345 793 3406 pars
808 3327 865 3385 tibi
880 3345 949 3385 rasa
966 3330 1027 3402 est,

175 3407 281 3472 Pars
296 3409 385 3474 vulsa
401 3419 459 3475 est.
489 3413 596 3476 Unum
609 3430 678 3490 quis
690 3416 782 3491 putat
794 3426 864 3466 esse
878 3402 993 3485 capuit
