2264 3786
51 243 57 248 ·
156 228 171 269 a
292 223 644 288 ‘nnumnmruon
657 226 729 286 nn.
745 226 766 286 1.
1014 214 1055 285 ‘29

384 429 386 433 ’
469 426 603 489 LXXVI.
728 434 730 439 ⁴

70 549 72 555 “
107 545 132 604 0
150 543 225 603 mihi
240 559 380 602 curarum
394 543 527 621 pretium
542 560 604 600 non
618 541 679 601 vile
694 559 856 619 mearum,.

146 625 275 702 Flacca,
293 625 465 685 Antenorei
478 643 549 704 spes
565 631 597 683 et
613 624 732 685 alumne
745 624 838 704 laria,
911 649 915 663 ¹

106 712 228 772 Pierio-s
243 708 335 770 differ
350 715 455 768 cantus
470 709 678 786 citharamque
692 726 849 782 sororum3

149 795 212 857 Aes
227 791 312 852 dabit
331 793 448 852 existis
463 790 547 858 nulla
560 791 664 870 puella
677 793 742 851 tibi.

87 876 192 954 5Quid
204 877 286 955 petis
302 895 319 934 a
332 874 481 934 Phoebo?
496 894 633 934 nummos
646 876 741 935 hahet
755 893 825 934 arca
839 874 1015 948 Minervae;

149 961 235 1020 Haec
250 960 346 1038 sapit,
367 959 443 1018 haec
458 977 563 1018 omnes
577 958 700 1018 fenerat
718 977 777 1017 una
792 957 875 1018 deos.

110 1044 190 1122 Quid
204 1048 333 1123 possunt
348 1041 483 1101 hederae
497 1042 610 1101 Bacchi
627 1043 724 1102 dare?
751 1040 888 1102 Palladis
902 1043 994 1102 arbor

151 1125 283 1189 Inclinat
295 1127 394 1185 varias
407 1125 545 1205 pondere
560 1126 648 1204 nigra
661 1145 770 1186 comas.
856 1152 864 1168 ι

109 1214 240 1273 Praeter
254 1228 347 1287 aquas
364 1208 498 1268 Helicon
513 1215 545 1268 et
560 1218 643 1269 serta
660 1208 805 1287 lyrasque
820 1208 945 1270 dearum

71 1310 103 1360 10
149 1294 202 1355 Nil
216 1294 311 1353 habat
326 1298 359 1352 et
373 1288 529 1370 magnum,
552 1292 608 1352 sed
621 1295 769 1372 perinane
784 1294 905 1371 sophor.

111 1379 192 1456 Quid
205 1377 264 1437 tihi
279 1396 347 1436 cum
362 1377 494 1436 Cirrha?
516 1375 589 1454 quid
603 1396 670 1436 cum
685 1377 880 1437 Permesside
894 1377 997 1436 nuda?

152 1463 319 1522 Romanum
332 1461 458 1540 propius
475 1459 659 1538 divitiusque
676 1461 778 1520 forum
792 1467 848 1520 est.

113 1545 180 1607 Illic
196 1564 267 1605 aera
282 1550 404 1602 sonant:
426 1549 457 1602 at
474 1545 589 1616 circum
603 1543 721 1623 pulpita
735 1548 840 1603 nostra

153 1632 194 1706 Et
207 1625 332 1688 steriles
347 1626 508 1687 cathedras
522 1628 606 1686 basia
619 1626 836 1707 sola'crepant.
904 1678 908 1682 .

349 1807 352 1812 Δ
474 1774 621 1854 nxxvn.
691 1812 694 1817 ·

114 1908 248 1971 Pulchre
262 1906 344 1968 valet
359 1906 535 1985 Charinus„
546 1913 579 1966 et
592 1912 694 1965 tamen
707 1903 814 1985 pallet.

114 1997 211 2054 Parce
226 1994 304 2053 bibit
318 1992 485 2069 Charinus,
507 1997 540 2051 et
552 1997 656 2051 tamen
669 1988 774 2071 pallet.
859 1998 868 2012 ⁸

102 2081 200 2139 'Bene
216 2077 380 2154 concoquit
394 2077 563 2153 Charinus,
585 2081 618 2134 et
632 2081 734 2134 tamen
747 2072 854 2156 pallet.

116 2161 189 2222 Sole
202 2162 299 2220 utitur
314 2161 479 2237 Charinus,
501 2165 648 2218 ettamen
662 2157 765 2238 pallet.

96 2246 226 2324 5Tingit
241 2250 342 2303 cutem
357 2244 523 2320 Charinus,
545 2249 578 2302 et
591 2249 693 2302 tamen
703 2241 812 2321 pallet.

117 2331 254 2390 Cunnum
270 2328 420 2388 Charinus
433 2326 539 2405 lingit,
561 2333 707 2386 ettamen
721 2324 825 2405 pallet.

326 2519 365 2545 .-
471 2464 630 2554 nxxvrn.

117 2623 258 2702 Indignas
272 2626 429 2701 premeret
443 2621 540 2698 pestis
555 2638 623 2678 cum
636 2615 739 2676 tabida
754 2616 857 2678 fauces

145 2709 254 2783 'lnque
271 2725 341 2765 suos
355 2703 454 2764 voltus
468 2707 611 2782 'serperet
625 2707 690 2761 atra
703 2699 788 2778 lues,

119 2791 215 2850 Siccis
229 2791 295 2869 ipse
313 2790 399 2866 genis
410 2789 522 2846 tientes
536 2787 675 2848 hortatus
694 2786 804 2844 amicos

158 2875 304 2932 Decrevit
320 2872 442 2950 Stygios
456 2872 568 2930 Festus
582 2870 668 2929 adire
681 2867 776 2930 lacus.

101 2958 188 3017 5Nec
200 2963 304 3017 tamen
319 2956 448 3015 obscuro
463 2950 513 3032 pia
528 2952 641 3034 polluit
657 2973 710 3011 ora
724 2971 841 3013 veneno

37 3098 42 3117 ,
161 3042 223 3100 Aut
235 3039 328 3099 torsit
343 3037 429 3097 lenta
442 3039 543 3096 tristia
555 3038 619 3097 fata
631 3038 727 3112 fame,

121 3124 267 3183 Sanctam
277 3123 412 3182 Romana
424 3122 516 3180 vitam
529 3119 585 3179 sed
598 3127 698 3179 morte
711 3121 833 3203 peregit

87 3273 88 3276 Ἴ
162 3208 344 3291 Dimisitque
358 3207 487 3264 animam
499 3200 653 3263 nobiliore
666 3205 722 3262 via.

122 3292 209 3349 Hanc
224 3296 353 3349 mortem
367 3289 438 3347 fatis
452 3287 552 3364 magni
566 3288 726 3366 praeferre
741 3284 864 3346 Catonis

83 3383 115 3434 to
162 3375 255 3434 Fama
267 3378 386 3454 potest:
407 3373 496 3430 huius
512 3372 625 3431 Caesar
640 3370 752 3430 amicus
766 3373 841 3429 erat.
