2264 3786
31 210 36 216 “
90 205 129 266 12
410 204 454 264 Μ.
469 203 559 262 vAL.
573 196 796 262 MAll'l'LdLlS
851 250 855 266 ,

256 356 328 431 Cui,
349 353 451 414 lector
463 354 615 431 studiose,
638 353 720 432 quod
733 354 845 413 dedisti
887 412 890 417 ,

143 451 159 498 5
254 439 379 499 Viventi
393 438 486 497 decus
499 450 590 516 atque
603 430 764 513 sentienti,
819 495 821 498 ,
927 448 930 453 ’

254 521 327 580 Rari
338 530 409 601 post
423 524 543 581 cineres
557 523 671 581 habeut
684 529 804 607 poetae.

582 682 697 743 n·

172 800 231 875 Qui
242 801 343 859 tecum
360 799 444 876 cupis
459 815 527 857 esse
542 814 627 856 meos
640 796 812 873 ubicunque
825 792 952 854 libellos

212 883 253 943 ut
267 883 393 942 comites
405 878 517 965 longae
533 879 653 956 quaeris
666 879 781 937 hahere
792 879 875 955 adae,

171 967 237 1037 llos
250 983 332 1040 eme,
356 983 431 1041 quos
445 967 524 1021 artat
535 963 678 1023 brevibus
692 962 866 1020 membrana
877 960 1017 1021 tabellis:

215 1048 333 1107 Scrinia
345 1046 383 1105 da
396 1047 526 1122 magnis,
547 1063 596 1105 me
611 1064 714 1104 manus
728 1064 787 1104 nna
801 1045 890 1123 capit.
904 1092 907 1099 ,

144 1133 217 1192 5Ne
230 1139 331 1190 tamen
344 1132 467 1208 ignores
483 1130 535 1188 ubi
549 1131 605 1188 sim
618 1127 749 1204 venalis,
770 1134 802 1187 et
817 1145 908 1195 erres,

213 1215 299 1274 Urbe
312 1232 403 1291 vagus
417 1220 499 1290 tota,
519 1230 569 1272 me
581 1211 658 1272 duce
675 1219 778 1272 certus
792 1212 869 1270 eris:

172 1298 331 1357 Libertum
346 1297 428 1356 docti
441 1297 588 1356 Lucensis
605 1314 718 1374 qaaere
733 1293 905 1355 Secundum

212 1381 330 1440 Limina
344 1387 415 1460 post
427 1380 515 1441 Pacis
529 1379 759 1467 Palladiumque
773 1379 881 1438 iorum.

576 1543 624 1601 ΙΙΙ,

173 1654 367 1734 Argiletanas
379 1653 470 1713 mavis
482 1654 622 1713 habitare
635 1655 794 1729 tabernas,

113 1786 116 1797 .
215 1740 292 1800 cum
304 1739 380 1816 tibi,
401 1755 493 1816 parve
506 1736 605 1816 liber,
628 1738 740 1796 scrinia
754 1740 859 1808 nostra
873 1742 990 1793 vacent,

152 1875 154 1878 ,
172 1823 295 1900 Nescis,
313 1824 394 1899 heu,
415 1822 516 1882 nescis
532 1819 671 1881 dominae
684 1818 808 1880 fastidia
821 1817 951 1877 Romae:

216 1906 318 1968 Crede
330 1907 420 1983 mihi,
442 1906 566 1964 nimium
577 1905 690 1964 Martia
704 1904 793 1962 turba
807 1902 894 1981 sapit.
996 1969 998 1974 Ι

144 1990 308 2049 5Maiores
320 2008 466 2066 nusquam
479 1989 627 2065 rhonchi,
649 1989 835 2065 iuvenesque
849 2002 999 2062 senesque

214 2072 255 2131 Et
267 2074 356 2151 pueri
371 2090 475 2130 uarum
490 2070 697 2130 rhinocerotis
708 2070 831 2128 habent.

173 2154 317 2214 Audieris
332 2174 399 2213 cum
412 2153 527 2232 grande
545 2155 676 2234 sophos,
697 2151 768 2233 dum
781 2153 865 2211 basia
879 2153 973 2211 iactas

100 2284 102 2288 .
216 2239 276 2297 lbis
292 2240 328 2297 ab
344 2256 470 2297 excusso
484 2239 592 2296 missus
604 2238 636 2296 in
649 2241 730 2296 astra
746 2255 825 2314 sago.

151 2321 154 2325 ’
175 2321 236 2381 Sed
251 2328 285 2380 tu
298 2339 338 2381 ne
348 2322 462 2380 totiens
478 2321 590 2380 domini
604 2322 721 2400 patiare
734 2319 841 2379 lituras

132 2416 167 2466 10
217 2405 301 2465 Neve
314 2410 402 2465 notet
414 2404 498 2481 lusus
511 2405 608 2465 tristis
622 2403 759 2463 harundo
774 2409 858 2480 tuos,

90 2559 93 2564 ,
173 2489 353 2566 Aetherias,
369 2487 497 2567 lascive,
520 2489 604 2568 cupis
614 2486 747 2548 'volitare
760 2505 817 2567 per
831 2504 933 2544 auras:
991 2480 995 2491 “

214 2572 243 2649 Ι,
264 2572 354 2650 fuge3
376 2571 432 2632 s'ed
443 2572 677 2659 poteras'tutior
693 2589 761 2631 esse
777 2569 867 2629 domi.

576 2733 626 2794 lV.

175 2844 349 2922 Contigeris
363 2850 502 2922 nostros,
525 2844 654 2920 Caesar,
676 2846 702 2903 si
715 2844 798 2904 forte
811 2841 953 2920 libellos,
1001 2844 1005 2848 ’

216 2927 383 2986 Terrarum
396 2926 546 3003 dominum
558 2945 639 3005 pone
653 2926 856 3005 supercilium.

175 3012 369 3070 Consuevere
381 3011 465 3069 iocos
479 3011 574 3071 vestri
590 3029 710 3088 quoque
727 3010 812 3070 ferre
825 3011 972 3090 triumphi

214 3094 376 3153 Materiam
393 3093 482 3152 dictis
497 3111 555 3152 nec
567 3092 664 3173 pudet
679 3112 746 3153 esse
762 3093 879 3156 ducem.

145 3189 160 3237 5
174 3177 239 3253 Qua
254 3174 426 3255 Thymelen
441 3182 560 3254 spectas
576 3175 804 3252 derisoremque
819 3177 974 3252 Latinum,
1038 3233 1044 3241 ,

214 3258 270 3319 llla
281 3260 385 3319 fronte
400 3277 511 3338 precor
527 3261 659 3318 carmina
673 3266 777 3318 nostra
793 3257 886 3336 legas.

172 3343 321 3402 Innocuos
337 3360 463 3401 censura
478 3347 580 3421 potest
596 3343 777 3420 permittere
789 3341 890 3401 lusus:

215 3426 340 3486 Lasciva
354 3431 402 3485 est
416 3426 504 3485 nohis
518 3426 644 3505 pagiua,
665 3427 726 3485 vita
741 3427 846 3506 proba.
