2264 3786
89 197 187 277 aaa,
414 194 805 297 nunnnnarnns

556 395 649 458 nvn.
755 352 790 412 ³

172 509 307 569 Latonae
320 505 495 567 venerande
508 525 621 586 nepos,
641 508 694 586 qui
707 507 831 567 mitibus
845 508 952 569 herbis

213 593 377 652 Parcarum
391 609 497 650 exoras
511 609 607 670 pensa
621 591 793 668 brevesque
808 588 910 667 colos,
987 656 990 661 ,

173 676 238 735 Ηοι
254 676 312 745 tibi
328 672 466 732 laudatos
481 673 621 750 domino,
642 681 709 733 rata
721 681 806 752 vote,
828 673 955 755 capillos
982 741 987 748 ⁸

213 757 270 818 Ille
283 764 352 818 tuus
366 757 453 817 Latia
467 759 551 816 misit
567 758 604 816 ab
618 757 695 817 urbe
710 774 805 835 puer;
861 812 864 819 ,

150 840 302 903 5Addidit
315 847 348 899 et
360 839 490 899 nitidum
503 840 630 900 sacratis
646 840 779 899 crinibus
794 841 915 917 orbem,

215 927 282 1001 Quo
297 923 373 983 felix
386 923 481 983 facies
494 923 597 983 iudice
612 930 678 983 tuta
694 923 763 983 fuit.

174 1010 223 1070 Tu
236 1005 375 1068 iuvenale
390 1005 484 1067 decus
502 1026 606 1083 serva,
625 1024 666 1066 ne
680 1003 840 1086 pulchrior
853 1005 908 1067 ille
960 1022 962 1026 “

212 1093 248 1152 In
260 1089 351 1173 longa
365 1090 462 1151 fuerit
479 1110 567 1170 quam
580 1091 723 1150 breviore
740 1109 834 1153 coma.

549 1252 655 1314 XVIII.

134 1365 229 1433 Ειι
241 1365 316 1424 mihi
330 1366 431 1443 sitque
445 1384 557 1445 precor
571 1362 696 1442 longum
710 1369 743 1422 te
757 1362 916 1449 praeside,
938 1363 1070 1440 Caesar,

215 1447 277 1507 Iius
293 1448 447 1507 minimum
454 1448 569 1529 ,parvi
583 1454 654 1506 sunt
668 1449 724 1506 et
715 1467 747 1506 111
761 1449 838 1507 urbe
851 1446 941 1508 lares

174 1530 236 1590 Sed
250 1529 289 1590 de
303 1529 384 1591 valle
398 1491 483 1591 bre’vi
489 1551 597 1611 ,quas
611 1529 665 1590 det
678 1532 852 1599 sitientibus
865 1531 983 1616 hortis,

217 1616 311 1675 Curta
323 1612 477 1674 laboratas
492 1614 586 1675 antlia
597 1612 683 1675 tollit
697 1632 846 1692 aquas:
875 1680 878 1684 Α

153 1698 264 1758 5Sicca
279 1697 384 1758 domus
399 1700 538 1800 queritur
552 1696 638 1758 nullo
653 1716 687 1757 se
701 1716 774 1758 rore
787 1696 904 1774 foveri,

216 1782 291 1842 Cum
305 1780 421 1842 mihi·
393 1783 492 1841 vicino
506 1783 624 1844 Marcia
636 1781 722 1841 fonte
737 1785 835 1842 sonet.

173 1866 267 1942 Quam
282 1865 405 1925 dederis
421 1867 551 1942 nostris,
572 1867 725 1944 Auguste,
744 1865 907 1944 penatibus
921 1861 1049 1940 undam,

83 1989 94 1999 -
214 1948 344 2010 Castalis
358 1948 434 2009 haec
448 1951 536 2010 nobis
551 1955 602 2009 aut
615 1950 692 2029 Iovis
707 1950 806 2009 imber
820 1949 889 2015 erit.
958 2004 961 2011 .

515 2170 517 2173 ,
567 2124 646 2213 ιιι.

172 2231 291 2296 Laudas
305 2230 415 2295 balnea
426 2235 565 2295 versibus
578 2236 728 2296 trecentis

174 2318 319 2378 Cenantis
333 2320 413 2379 bene
426 2318 562 2397 Pontici,
585 2317 718 2378 Sabelle.
822 2339 825 2343 ’

172 2402 227 2463 Vis
241 2419 369 2482 cenare,
390 2401 530 2502 Sabelle,
551 2421 614 2463 non
626 2400 746 2464 lavari.'
823 2420 825 2424 ⁴

568 2563 635 2626 XX.

170 2672 256 2731 Haec
263 2656 363 2748 ,quae
379 2679 442 2733 tota
456 2678 541 2752 patet
554 2675 730 2773 tegiturque
746 2678 779 2732 et
792 2690 942 2733 marmore
957 2678 990 2735 et
1004 2691 1094 2750 auro,

213 2753 340 2815 Infantis
354 2753 469 2815 domini
485 2757 605 2816 conscia
620 2763 704 2816 terra
717 2757 785 2816 init

169 2834 259 2896 Felix
274 2854 292 2895 o
308 2839 427 2914 quentis
441 2841 543 2898 sonuit
555 2841 704 2920 vagitibus
719 2847 752 2899 et
767 2858 842 2919 quas

212 2918 299 2981 Vidit
313 2925 470 2999 reptantes
487 2923 690 3000 sustinuitque
706 2923 825 2982 manus!

150 3003 232 3065 5Hic
246 3008 377 3062 steterat
390 3003 563 3078 veneranda
577 3001 701 3081 domus,
722 3024 799 3085 quae
815 3005 973 3084 praestitit
987 3006 1055 3066 orbi

211 3085 301 3162 Quod
315 3085 440 3146 Rhodos
456 3074 615 3164 astrifero,
639 3088 719 3164 quod
733 3090 784 3168 pia
796 3089 890 3149 Creta
901 3088 985 3170 polo.

113 3245 120 3250 ι
169 3171 299 3230 curetes
314 3175 421 3231 tenere
434 3170 534 3231 Iovem
549 3170 768 3249 crepitantibus
782 3173 889 3251 armis,

210 3252 351 3313 Semiviri
363 3259 508 3334 poterant
518 3251 622 3356 qualia
635 3254 720 3314 ferre
733 3256 901 3334 Phryges:

159 3335 207 3395 t
220 3343 252 3396 te
263 3339 404 3419 protexit
419 3335 564 3420 superium
579 3343 668 3418 pater
682 3344 716 3397 et
728 3340 803 3415 tibi,
821 3339 953 3416 Gaesar,

101 3425 141 3476 10
190 3411 259 3481 Pro
275 3423 379 3487 iaculo
396 3431 433 3488 et
447 3443 557 3510 parma
570 3420 695 3485 iumen
707 3428 742 3483 et
754 3421 841 3539 aegis
853 3427 932 3479 erat
