2264 3786
298 214 632 278 EPIGRAMMATON
645 217 718 277 LlBt
733 217 797 278 llll.
1000 217 1060 281 301

498 416 602 479 LXIX.

117 530 167 589 Sic
181 494 326 611 tanquam
340 528 458 589 tabulas
473 530 682 609 scyphosque,
704 528 815 607 Paule,
883 585 893 595 ,.

116 613 229 672 Omnes
244 613 427 692 archetypos
442 613 536 674 habes
552 613 673 705 amicos.

504 745 594 807 Lxx.

114 859 223 919 Lintea
239 858 339 918 ferret
352 859 437 938 Apro
450 860 548 919 vutius
564 879 632 919 cum
643 827 770 918 vernula
787 877 885 939 nuper

156 944 197 1001 ut
213 961 304 1021 supra
318 941 450 1019 togulam
464 941 548 1002 lusca
563 941 688 1002 sederet
703 961 795 1019 auus,
976 1008 980 1015 ¹

114 1026 217 1104 Atque
232 1023 294 1085 olei
309 1024 419 1084 stillam
436 1024 526 1086 daret
539 1024 764 1087 enterocelicus
778 1033 903 1102 unctor,

156 1109 293 1170 Udorum
308 1109 437 1168 tetricus
451 1127 561 1168 censor
576 1115 608 1168 et
622 1127 712 1188 asper
727 1114 804 1169 erat.

94 1190 316 1270 5Frangeudos
331 1191 440 1251 calices
458 1191 738 1269 effundendumque
752 1189 920 1251 Falernum

158 1274 475 1353 Clamabat,.biberet
490 1277 542 1354 qui
556 1274 646 1334 modo
661 1274 742 1335 lotus
756 1293 859 1354 eques.

115 1362 141 1418 A
157 1377 231 1418 seue
247 1358 302 1418 sed
315 1363 476 1439 postquam
489 1365 598 1438 patruo
613 1376 727 1418 venere
741 1365 897 1434 trecente,

158 1443 284 1502 Sobrius
299 1463 316 1501 a
329 1442 457 1501 thermis
471 1443 571 1502 nescit
584 1442 669 1501 abire
684 1440 813 1503 domum.

115 1527 141 1585 0
158 1534 301 1604 quantum
318 1525 450 1586 diatreta
463 1524 567 1585 valent
581 1533 614 1585 et
628 1525 762 1603 quinque
779 1525 904 1585 comati!

70 1621 105 1671 lo
156 1609 261 1687 'l'uuc,
281 1628 479 1689 compauper
494 1617 577 1686 erat,
599 1627 661 1668 nou
676 1609 800 1668 sitiebat
814 1609 908 1688 Aper.

404 1778 407 1782 -
490 1741 596 1803 LXXI.

112 1813 259 1932 Niluou,
279 1853 404 1934 Lygde,
425 1855 500 1917 milri
519 1873 612 1933 negas
626 1855 761 1932 roganti:

113 1940 156 1997 At
171 1937 321 2015 quondam
338 1939 428 2016 mihi,
449 1937 571 2017 Lygde‚
593 1936 636 1997 nil
654 1937 795 2016 negabas.
852 1982 855 1986 a

485 2086 604 2152 LXXII.

113 2201 223 2278 Iugera
237 2207 387 2261 mercatus
402 2221 500 2283 prope
514 2199 742 2262 bustalateutis
757 2197 850 2278 agelli

157 2284 198 2342 Et
212 2282 290 2343 male
306 2294 479 2364 compactae
496 2285 626 2346 culmina
639 2283 832 2359 iultacasae,
880 2300 882 2305 ’

114 2368 241 2426 Deseris
256 2369 473 2444 urbanas‚‘tua
486 2369 627 2449 praedia,
648 2366 829 2445 Pannyche,
849 2362 940 2439 lites,

156 2451 329 2529 Parvaque,
352 2450 408 2510 sed
420 2454 513 2511 tritae
527 2451 662 2530 praemia
679 2457 764 2509 certa
778 2455 876 2525 togae.

90 2534 331 2610 oFrumeutum,
353 2533 468 2594 milium
483 2536 693 2614 ptisanamque
707 2533 866 2609 fabamque
881 2527 1001 2589 solebas

156 2617 301 2678 Vendere
317 2620 535 2698 pragmaticus,
557 2636 638 2675 nunc
652 2617 728 2676 emis
741 2612 882 2694 agricola.
957 2661 958 2665 ,

480 2743 611 2811 LXXlll.

111 2860 270 2922 Heredem
287 2864 343 2922 tibi
361 2881 425 2939 me,
447 2860 587 2937 Catulle,
609 2858 694 2923 dieis.

111 2946 181 3004 Non
197 2946 334 3023 credam,
353 2947 412 3007 nisi
426 2944 549 3025 legero,
572 2945 704 3007 Catulle
754 2966 758 2985 1

476 3079 611 3143 uxxrv.
687 3066 698 3074 '
740 3093 745 3101 e

110 3191 190 3249 Duru
208 3192 265 3251 tibi
279 3190 412 3251 Niliacus
426 3196 529 3272 portat
544 3188 687 3269 crystalla
701 3186 850 3268 cataplus,

155 3275 270 3353 Accipe
285 3273 324 3333 de
336 3276 418 3333 circo
432 3266 541 3354 pocula
554 3273 712 3332 Flaminio.

110 3355 155 3416 lli
169 3359 262 3434 magis
277 3355 421 3434 audaces,
441 3375 477 3416 au
494 3364 566 3419 suut
580 3357 635 3438 qui
647 3354 726 3416 talia
734 3355 869 3415 mittunt

145 3437 305 3498 Murem?
323 3439 381 3502 sed
394 3444 538 3522 geminus
557 3441 675 3507 vilibus
690 3439 771 3503 usus
782 3439 886 3497 'uuest-
