2264 3786
64 3528 92 3564 h

101 228 163 293 262
425 225 470 290 M
486 223 577 290 VAL.
593 218 816 287 MARTIALIS

186 382 263 443 Cum
276 386 378 442 tamen
391 378 524 441 instaret
536 375 685 458 „deciens
699 379 774 438 rnihi
786 375 870 441 dotis
883 380 917 440 in
931 400 1009 443 anro

227 465 345 545 Sponsa
359 463 467 525 dabir“
481 462 559 523 dixi:
582 461 656 542 quid
668 463 767 522 minus
783 481 853 524 esse
867 462 997 545 potest?

164 549 273 628 5„Nec
287 549 403 609 futuam
417 548 552 627 quamuis
565 547 664 627 prima
677 553 711 606 te
724 552 817 607 nocte
831 549 978 629 maritus,

155 686 160 696 .
226 633 400 694 Communis
415 637 517 692 tecum
530 649 589 691 nec
603 631 679 691 mihi
693 628 796 691 lectus
812 633 888 707 erit3

185 716 440 798 Complectarque
453 733 567 794 meam,
586 733 644 775 nec
658 721 692 775 tu
704 715 902 795 prohibebis,
926 710 1069 796 amicam,

224 800 375 862 Ancillam
388 801 492 861 mittes
507 800 626 861 etmihi
640 800 721 859 iussa
733 805 825 862 tuam.

185 885 232 946 'le
248 890 407 965 spectante
422 882 507 944 dabit
521 884 609 943 nobis
623 881 734 943 lasciva
747 885 888 945 minister

143 977 177 1032 10
224 971 329 1048 Basia,
349 970 412 1028 sive
427 986 527 1046 meus,
549 967 612 1026 sive
629 969 690 1026 erit
704 966 761 1028 ille
776 973 855 1030 tuus.

183 1052 233 1115 Ad
248 1071 353 1113 cenam
366 1052 488 1129 venies,
511 1049 567 1125 sed
580 1051 625 1109 sio
639 1049 734 1110 divisa
747 1053 927 1129 recumbes,

225 1137 268 1198 Ut
282 1154 344 1196 uon
357 1140 521 1214 tangantur
531 1132 626 1217 pallia
639 1139 745 1196 nostra
760 1137 830 1197 tuis.

124 1258 130 1273 -·
185 1218 298 1283 Oscula
311 1240 381 1280 rara
396 1218 482 1280 dabis
495 1220 584 1279 nobis
599 1224 632 1278 et
645 1237 707 1278 non
724 1218 811 1280 dabis
824 1217 929 1295 alno,

225 1304 289 1365 Nec
304 1305 390 1384 qnasi
402 1309 497 1384 nuptu
510 1302 612 1381 dabla,
634 1301 690 1363 sed
705 1305 791 1382 quasi
804 1310 904 1364 mater
919 1322 1005 1367 anus.

144 1399 177 1452 15
185 1387 217 1449 Si
232 1394 322 1469 potes
336 1390 396 1448 ista
408 1389 487 1468 pati,
509 1389 537 1448 si
550 1387 596 1448 nil
608 1388 751 1469 perferre
765 1406 905 1466 recusas,

225 1473 364 1534 Invenies
379 1473 480 1552 quite
494 1471 623 1551 ducere,
645 1469 726 1552 Sila,
747 1471 855 1534 sellt.“

567 1604 676 1672 xxiv.

183 1706 262 1766 llum
274 1712 308 1766 te
321 1723 492 1786 prosequor
510 1710 542 1764 et
556 1703 676 1766 domum
690 1703 822 1782 reduco,

183 1792 299 1851 Aurem
314 1789 385 1849 dum
398 1791 455 1851 tibi
469 1795 592 1870 praesto
608 1789 771 1868 garrienti,

24 1872 27 1879 “
80 1912 99 1933 a
183 1874 225 1935 nt
239 1873 387 1953 quidquid
400 1874 536 1952 loqueris
550 1874 688 1952 facisque
702 1871 810 1951 laudo,

184 1959 267 2033 Quot
280 1977 385 2018 versus
399 1964 559 2038 poterant,
580 1955 726 2036 Labulle,
746 1956 853 2017 nasci?

162 2041 253 2101 5Hoc
270 2040 409 2102 damnum
423 2043 481 2102 tibi
494 2061 557 2101 non
570 2041 692 2102 videtur
706 2059 791 2118 esse,

184 2125 219 2184 si
233 2125 315 2204 quod
329 2126 424 2186 Roma
438 2125 532 2205 legit,
554 2127 686 2204 requirit
700 2127 830 2206 hospes,

184 2209 253 2269 Non
267 2208 390 2271 deridet
404 2229 516 2290 eques,
534 2216 623 2270 tenet
635 2215 776 2286 senator,

184 2292 303 2353 Laudat
317 2293 502 2372 causidicus,
523 2300 615 2373 poeta
629 2294 743 2372 carpit,

182 2376 317 2459 Propter
332 2385 364 2439 te
377 2379 482 2458 periti
503 2379 562 2437 lroo
575 2370 722 2455 Labulle,
740 2395 846 2438 serum
860 2376 934 2437 esti

144 2463 250 2525 lolloc
265 2463 423 2541 quisquam
436 2463 533 2541 ferat,
552 2468 587 2522 ut
601 2462 658 2521 tibi
671 2467 793 2522 tuorum

185 2545 233 2606 Sit
245 2548 342 2606 maior
356 2565 500 2607 numerus
514 2545 735 2624 togatulorum,
798 2541 801 2550 '

184 2628 346 2691 Librorum
360 2631 435 2703 mihi
452 2633 493 2690 sit
506 2631 606 2690 minor
620 2628 779 2690 meornmi

186 2713 330 2792 Triginta
343 2732 441 2794 prope
456 2716 516 2774 iam
531 2713 639 2774 diebus
653 2733 713 2773 una
727 2719 775 2774 est

185 2797 279 2857 Nobis
298 2800 408 2877 pagina
418 2799 468 2857 vix
480 2805 614 2879 peracta.
646 2798 698 2859 Sic
712 2798 764 2876 fit,

144 2890 177 2944 15
186 2882 263 2942 Cum
277 2899 388 2942 cenare
404 2880 486 2943 domi
499 2890 593 2963 poeta
603 2900 665 2942 uon
678 2878 753 2944 volt.

571 2994 667 3058 XXV.

186 3093 242 3155 llla
256 3092 339 3155 salax
352 3094 494 3173 nimium,
515 3114 573 3155 nec
588 3095 693 3175 paucis
710 3101 783 3154 nota
795 3090 908 3174 puellis

228 3179 317 3240 Stare
331 3179 409 3242 Lino
425 3179 507 3241 desit
520 3177 664 3240 mentula.
691 3176 826 3256 Lingua,
846 3194 928 3240 caue.

564 3295 672 3356 XXVI.

186 3395 211 3454 0
224 3395 300 3455 mihi
316 3402 401 3475 grata
415 3395 518 3474 quies,
541 3392 702 3472 oblanda,
725 3391 938 3475 Telesphoro,
960 3414 1054 3476 eura,

225 3476 332 3556 Qualis
347 3479 381 3538 in
395 3476 536 3560 amplexu
549 3477 685 3539 nonfuit
699 3483 771 3538 anm
781 3495 871 3538 meo:
