2264 3786
550 78 560 133 l

290 194 625 259 nelolmmmnuon
639 195 713 258 LlB.
727 195 791 258 Vll.
996 191 1056 257 163

512 396 573 462 LII

113 512 242 574 Gratum
255 476 318 589 eat,
333 508 415 590 quod
429 507 535 573 celeri
547 515 671 570 nostros
677 507 779 586 legis,
790 509 890 569 Aucte
899 505 1056 585 ,libellos,

156 596 189 654 Si
203 602 304 655 tamen
319 601 351 654 et
366 576 508 655 Celerem
526 592 608 672 quod
623 591 718 671 legis,
738 592 854 670 Auctc,
875 551 967 655 idest.

112 678 169 740 llle
186 697 272 737 meas
283 684 390 756 gentes
405 682 438 737 et
453 676 557 738 Celtas
571 678 653 736 rexit
666 676 817 769 lliberos,

154 762 220 821 Nec
232 761 293 820 fuit
306 762 337 820 in
351 766 457 820 nostro
472 760 587 820 certior
603 761 678 819 orbe
692 750 779 818 fide‘s

93 846 219 907 5Maior
232 862 280 904 me
295 849 381 904 tanto
396 844 571 904 reverentia
584 844 702 920 turbat,
724 848 757 902 et
772 858 860 905 aures

154 927 222 988 Non
237 924 400 1004 auditoris,
419 925 529 988 indicis
541 944 610 989 eaae
622 931 706 1006 puto.

507 1058 583 1122 Llll.

114 1174 221 1234 Omnia
235 1173 344 1235 misisti
361 1174 435 1233 mibi
449 1171 675 1249 Saturnalibus,
690 1171 824 1248 Umber,

155 1258 301 1334 Munera,
323 1255 516 1317 contulerant
529 1275 607 1335 quae
620 1258 678 1316 tibi
692 1257 830 1333 quinque.
841 1253 923 1330 dies,

112 1343 166 1400 Bis
179 1359 269 1400 senos
281 1338 422 1420 triplices
437 1346 470 1401 et
483 1337 684 1419 dentiscalpia
697 1344 831 1418 septem:

154 1425 210 1485 llis
225 1439 326 1484 comes
342 1424 470 1484 accessit
483 1422 625 1503 spongia,
646 1441 771 1502 mappa,
793 1420 886 1498 calix,

92 1506 336 1586 asemonusqna
349 1507 438 1566 fabae
454 1524 520 1567 cum
532 1507 642 1566 simine
656 1505 854 1580 Picenarum,

155 1592 196 1651 ln
210 1588 373 1650 Laletanae
392 1591 478 1668 nigra
491 1587 598 1668 lagona
613 1606 720 1668 sapae3

113 1675 269 1752 Parvaque
283 1692 351 1733 cum
365 1675 447 1732 canis
461 1678 612 1731 venerunt
626 1679 747 1730 cottana
759 1669 865 1750 prunis
922 1713 926 1727 ,

155 1759 196 1816 Et
209 1757 342 1837 Libycae
356 1757 408 1816 flci
422 1753 561 1835 pondere
575 1760 655 1814 testa
669 1755 777 1832 gravis.

113 1841 173 1913 Vix
187 1846 261 1919 puto
274 1840 400 1919 triginta
414 1856 602 1897 nummorum
617 1842 682 1897 tota
696 1837 790 1896 luisse

71 1936 106 1987 10
153 1924 298 2001 Munera,
322 1932 398 2001 qu'ae
412 1920 543 2000 grandes
557 1925 626 1982 octo
641 1919 742 1979 tulere
754 1919 833 1998 Syri.

116 2010 234 2086 Quanto
251 2002 437 2066 commodius
451 2003 539 2064 nullo
552 2005 626 2063 milri
640 2003 725 2063 ferre
738 2001 844 2062 labore
915 2028 918 2033 ·

156 2090 285 2169 Argenti
298 2089 399 2170 potuit
411 2086 550 2171 pondera
564 2087 697 2166 quinque
714 2086 806 2168 pueri

507 2236 585 2298 LlV.

116 2349 245 2427 Semper
258 2367 346 2409 mane
361 2348 435 2408 mibi
449 2346 488 2408 de
503 2367 551 2409 me
568 2354 620 2408 tua
633 2348 751 2408 somnia
764 2362 885 2419 narras,

157 2432 241 2507 Quae
255 2439 395 2495 moveant
408 2430 537 2491 animum
552 2431 779 2509 sollicitentque
793 2444 899 2486 mcum

114 2517 175 2575 lam
188 2517 274 2595 prior
289 2512 328 2575 ad
340 2515 475 2591 faecem,
495 2513 552 2575 sed
566 2520 598 2573 et
610 2513 688 2573 haec
700 2510 851 2572 vindemia
863 2507 1009 2583 venit,

156 2598 270 2657 Exorat
282 2605 389 2658 noctes
404 2597 474 2657 dum
490 2598 563 2657 mibi
577 2615 648 2674 sagp
661 2603 737 2656 tuas.

93 2682 298 2762 sconsumpsl
312 2681 465 2761 salsasque
480 2678 574 2741 molas
588 2685 621 2739 et
633 2680 711 2738 turis
725 2694 866 2752 acervos,

157 2766 332 2825 Decrevere
345 2783 472 2844 greges,
493 2763 564 2826 dum
579 2761 710 2822 cadit
673 2780 748 2841 agna
763 2760 926 2837 frequens,

116 2848 184 2907 Non
198 2867 325 2928 porcus,
347 2867 408 2909 non
427 2849 542 2908 chortis
557 2864 642 2924 aves,
662 2864 724 2905 non
738 2863 792 2905 ova
807 2845 978 2924 supersunt.

156 2933 218 2992 Aut
233 2891 326 3010 vigila,
336 2938 390 2994 aut
405 2931 520 3010 dormi,
542 2928 722 3010 Nasidiene,
743 2929 809 2989 tibi.

512 3063 577 3128 LV.

115 3175 201 3237 Nulli
214 3194 355 3255 munera,
376 3176 524 3254 chreste,
546 3175 734 3252 siremlttla,

116 3261 180 3320 Nec
194 3261 282 3321 nobis
297 3259 420 3327 dederis
433 3260 665 3336 remiserisque:

117 3344 247 3404 Credam
262 3351 293 3404 te
309 3344 381 3404 satis
396 3362 464 3404 esse
477 3339 647 3403 liberalem.

117 3428 179 3488 Sed
193 3429 220 3488 si
234 3426 344 3488 reddis
354 3428 462 3509 Apicio
474 3426 621 3506 Lupoque
788 3499 852 3563 w
