2264 3786
89 197 147 260 54·
236 216 239 222 ·
407 197 451 258 M.
466 196 557 260 VAL.
574 194 801 264 MARTIALIS.

482 464 490 477 ,
549 397 652 460 unm.

171 519 242 580 Sola
257 518 314 577 tibi
328 515 453 575 fuerant
466 517 625 593 sestertia,
646 514 791 593 Miliche,
813 522 952 594 centum,

212 604 296 679 Quae
309 597 382 659 tulit
396 617 415 658 e
430 617 516 659 sacra
530 599 615 660 Leda
628 598 788 678 redempta
802 599 859 659 via.
879 644 885 671 ,
1005 655 1012 665 ,
1033 642 1036 653 ,

168 685 313 763 Miliche,
334 680 454 742 luxuria
468 689 532 760 eat,
554 683 581 742 si
594 683 672 746 tanti
685 681 770 742 dives
784 700 911 745 amares.
1030 716 1033 723 ·

211 769 301 847 „Non
315 765 403 826 amo“
416 767 476 824 iam
492 765 591 826 dices:
612 767 690 826 haec
703 783 823 844 quoque
835 763 955 826 luxuria
971 774 1028 830 eat.

544 925 650 987 LXIV.

168 1045 246 1104 Dum
259 1040 349 1101 modo
365 1039 565 1118 causidicum,
588 1038 659 1101 dnm
672 1049 705 1102 te
719 1041 809 1103 modo
823 1043 950 1119 rhetora
963 1046 1050 1125 fingis

209 1127 252 1185 nt
265 1144 328 1184 non
342 1122 502 1201 decernis,
522 1124 640 1203 Laura,
663 1125 737 1204 quid
752 1144 822 1186 esse
836 1125 939 1207 velis,

168 1208 280 1275 Peleos
296 1214 328 1268 et
341 1208 455 1267 Priami
470 1207 582 1267 transit
595 1214 628 1267 et
638 1209 780 1270 Nestoris
794 1217 878 1271 aetas

88 1284 91 1293 ⁴
210 1294 251 1352 nt
262 1293 366 1352 fuerat
380 1309 483 1351 serum
495 1292 554 1351 iam
570 1293 629 1351 tibi
641 1292 794 1355 desinere
1014 1355 1023 1372 „

148 1377 290 1454 clncipe,
312 1380 377 1435 tres
392 1393 452 1434 nno
465 1359 627 1454 perierunt
640 1376 784 1436 rhetores
799 1395 894 1454 anno,

210 1459 242 1518 Si
259 1419 332 1536 qdid
345 1460 440 1517 habes
455 1458 563 1534 animi,
585 1459 611 1516 si
625 1458 722 1537 quid·
711 1478 744 1519 m
759 1465 826 1520 arte
838 1457 934 1520 vales.

168 1542 201 1601 Si
216 1540 320 1601 schola
335 1541 509 1619 damnatur,
530 1539 598 1601 fora
611 1540 716 1602 litibus
733 1544 832 1613 omnia
844 1541 999 1622 fervent,

211 1626 279 1707 Ipse
293 1630 398 1705 potest
411 1624 480 1684 lieri
493 1624 619 1684 Marsua
634 1625 811 1688 causidicus.

166 1709 223 1769 Eia
236 1725 324 1787 age,
331 1725 438 1809 rumne
453 1727 570 1767 moras.
594 1700 653 1785 ιἰιιο
668 1715 701 1769 te
715 1711 903 1789 sperabimus
912 1711 1036 1789 usque?

127 1804 160 1854 10
208 1793 286 1852 Dum
300 1790 415 1872 quid
391 1811 433 1852 sos
448 1789 586 1871 dubitas,
607 1794 667 1852 iam
683 1800 772 1872 potes
790 1810 859 1861 esse
874 1792 961 1854 nihil.

474 1971 478 1977 ·
550 1942 643 2006 LXV.
756 1937 763 1956 '

168 2057 230 2116 Cur
244 2054 414 2115 tristiorem
429 2054 580 2114 cernimus
592 2052 787 2114 Saleianum?

165 2139 237 2215 „An
252 2135 426 2197 consuleris
443 2136 534 2196 est‘3“
548 2138 666 2217 inquis,
686 2134 805 2215 „extuli
820 2138 977 2204 uxorem.“

167 2223 193 2281 0
209 2218 325 2300 grande
338 2219 395 2279 fati
409 2220 539 2279 crimen!
561 2239 578 2280 o
593 2239 714 2298 gravem
729 2223 844 2280 casum!

167 2303 239 2382 llla,
259 2301 313 2363 illa
327 2301 412 2362 dives
424 2308 544 2363 mortua
558 2309 607 2363 est
621 2302 812 2381 Secundilla,
865 2365 871 2373 ,

146 2390 307 2451 acentena
322 2384 448 2447 deciens
462 2405 539 2466 qnae
553 2387 610 2447 tihi
624 2385 711 2448 dedit
726 2385 829 2447 dotis?

164 2471 287 2533 Nollem
301 2469 464 2531 accidisset
480 2471 540 2533 hoc
554 2471 627 2552 tibi,
649 2470 798 2533 Saleiane.

545 2637 651 2701 LXVI.

166 2750 251 2812 Unus
266 2748 305 2810 de
319 2755 386 2811 toto
400 2758 581 2832 peccaverat
595 2753 670 2811 orbe
685 2769 837 2810 comarum

207 2832 341 2913 Anulus,
362 2835 481 2896 incerta
495 2855 557 2895 non
569 2836 648 2894 bene
666 2834 742 2892 finus
757 2852 821 2906 acu.

165 2918 233 2978 Hoc
247 2917 365 2977 facinus
377 2917 507 2996 Lalage,
529 2915 654 2995 speculo
674 2914 756 2995 quod
772 2914 909 2995 viderat,
930 2914 994 2977 ulta
1009 2921 1057 2976 est

206 3000 247 3061 Et
263 3001 376 3062 cecidit
390 3002 487 3062 saevis
500 3002 562 3060 icta
574 2998 703 3058 Plecusa
716 2999 818 3059 comis.

145 3084 368 3160 5Desine1am,
390 3083 518 3161 Lalage,
536 3083 645 3142 tristes
660 3101 771 3142 ornare
786 3081 933 3163 capillos,

207 3167 326 3245 Tangat
340 3168 397 3226 et
387 3185 525 3227 msannm
539 3163 623 3225 nulla
637 3163 743 3244 puella
760 3173 857 3246 caput.

164 3251 231 3310 Hoc
246 3247 436 3311 salamandra
449 3255 536 3309 notet
548 3248 597 3309 vel
615 3266 702 3308 saeva
715 3251 860 3313 novacula
873 3246 986 3328 nudet,
1077 3240 1086 3254 ‘

204 3334 247 3396 Ut
261 3334 351 3414 digna
366 3329 491 3415 speculo
506 3333 582 3392 liat
572 3337 670 3411 imago
684 3337 783 3399 tuo.
