2264 3786
244 290 247 297 Ι
279 210 614 271 EPIGRAMMATON
631 210 759 275 LIBER.
860 258 862 263 .

90 362 141 422 Sic
156 362 250 421 miser
265 361 415 420 instantes
430 361 539 419 aliatus
551 359 665 420 dicitur
678 360 790 420 undas:

129 446 272 524 „Parcite
288 443 359 503 dum
372 461 523 523 propero,
543 445 673 521 mergite
687 464 754 504 cum
766 444 895 505 redeo.“
944 518 948 527 Ι

465 576 574 638 XXVI.

86 692 175 751 Lusit
187 689 354 755 Nereidum
368 687 476 749 docilis
492 691 604 749 chorus
617 708 751 769 aequore
765 697 831 752 toto

126 777 167 834 Et
181 777 263 835 vario
275 773 381 835 faciles
393 771 501 833 ordine
515 774 614 852 pinxit
628 793 729 853 aquas.

85 859 217 918 Fuscina
232 858 325 918 dente
339 858 439 916 minax
453 863 540 937 recto
555 856 630 934 fuit,
643 874 755 917 ancora
769 877 878 919 curvo:

128 941 321 1002 credidimus
335 959 452 1000 remum
467 938 715 1019 credidimusque
726 949 840 1022 ratem,

61 1025 128 1086 5Et
141 1032 259 1103 gratum
271 1025 371 1085 nautis
385 1023 468 1083 sidus
480 1022 601 1100 fulgere
614 1022 767 1085 Laconum

126 1107 262 1187 Lutuque
272 1108 435 1187 perspicuo
449 1106 517 1166 vela
530 1112 650 1166 tumere
663 1109 741 1168 sinu.

83 1192 160 1267 Quis
175 1199 274 1252 tantas
287 1188 413 1270 liquidis
426 1196 508 1250 artes
522 1191 640 1250 invenit
650 1190 683 1250 in
694 1190 807 1251 undis‘.²

126 1275 188 1334 Ant
203 1274 307 1335 docuit
319 1274 403 1334 lusus
418 1273 474 1332 hos
487 1273 598 1333 Thetis
612 1278 663 1333 sut
675 1272 792 1335 didicit.

456 1406 577 1469 XXVII.
663 1424 666 1431 ’

85 1516 213 1578 Saecula
224 1498 473 1596 Carpophorum,
496 1518 627 1596 Caesar,
649 1521 676 1580 si
691 1521 793 1599 prisca
805 1518 967 1598 tulissent,

126 1598 198 1661 Non
213 1601 312 1661 oleret
325 1619 436 1661 saccas
450 1600 581 1660 barbara
593 1608 678 1663 terra
691 1603 792 1680 ferus,
805 1615 808 1623 “

84 1685 151 1744 Non
164 1684 328 1745 Marathon
341 1690 476 1760 taurum,
492 1683 608 1744 Nemee
619 1684 765 1746 frondosa
777 1684 916 1764 leonem,

86 1790 90 1797 ’
124 1769 220 1827 Arcas
234 1763 420 1826 Maenalium
433 1786 495 1826 nou
508 1767 662 1828 timuisset
675 1789 790 1848 aprum.

59 1850 154 1912 5Hoc
166 1854 301 1910 armante
315 1868 419 1908 manus
431 1847 548 1929 hydrae
558 1868 640 1910 mors
653 1870 711 1910 una
722 1851 847 1930 luisset,

125 1934 204 1994 Huic
217 1951 362 2014 percussa
372 1933 456 1992 foret
469 1939 535 1992 tota
551 1933 712 1994 Chimaera
723 1933 827 1996 semel.

82 2017 232 2095 igniferos
242 2017 341 2096 possit
355 2017 421 2075 sinc
436 2014 586 2077 Colchide
597 2019 726 2095 iungere
736 2025 857 2096 tauros,

124 2100 227 2161 Possit
241 2106 400 2177 utramque
415 2099 510 2160 feram
524 2101 648 2162 vincere
660 2101 834 2181 Pasiphads.

83 2184 116 2244 Si
131 2184 189 2260 sit,
209 2190 244 2243 ut
257 2184 402 2262 aequorei
416 2191 579 2244 revocetur
592 2182 695 2244 fabula
709 2186 854 2265 monstri,

40 2280 74 2330 10
122 2263 281 2326 Hesionen
293 2264 393 2326 solvet
404 2265 487 2328 solus
501 2274 533 2327 et
546 2266 772 2330 Andromedan.

81 2350 255 2410 Herculeae
265 2348 364 2409 laudis
377 2356 555 2411 numeretur
569 2351 681 2429 gloria:
702 2351 771 2431 plus
786 2356 835 2411 est

123 2434 175 2492 Bis
189 2433 282 2509 denas
295 2434 412 2512 pariter
425 2433 637 2515 perdomuisse
650 2434 742 2494 feras.

440 2565 574 2628 XXVIII.

79 2681 210 2757 Augusti
223 2675 313 2739 labor
323 2679 374 2739 hic
387 2680 490 2739 fuerat
503 2677 694 2738 committere
707 2673 828 2740 classea-

123 2763 164 2823 lit
174 2762 256 2820 freta
266 2761 363 2821 navali
374 2762 541 2822 sollicitare
555 2763 638 2826 tuba.

82 2846 222 2906 caesaris
237 2845 313 2904 haec
325 2847 424 2905 nostri
436 2864 507 2925 pars
523 2850 571 2905 est
583 2845 698 2924 quotu?
711 2844 789 2906 vidit
802 2846 835 2906 in
849 2846 938 2908 undis

121 2929 164 2988 lit
177 2928 288 2988 Thetis
302 2930 421 3007 ignotas
433 2935 466 2989 et
478 2927 605 2988 Galatea
616 2928 718 3004 feram

56 3011 171 3074 5Vidit
185 3013 218 3070 in
230 3030 383 3090 aequoreo
394 3011 692 3090 ferventespulvere
707 3008 814 3073 currus

122 3096 164 3156 iit
178 3094 293 3155 domini
307 3095 418 3155 Triton
430 3097 491 3157 isse
501 3095 619 3175 putavit
632 3114 742 3174 equos:

81 3179 219 3256 Dumque
233 3184 320 3258 parat
334 3180 431 3239 saevis
445 3180 561 3239 ratibus
575 3178 643 3239 fera
656 3177 774 3260 praelia
786 3178 921 3257 Nereus,

123 3262 253 3322 Horruit
266 3263 299 3322 in
312 3261 436 3341 liquidis
449 3264 497 3322 ire
511 3261 658 3342 pedester
672 3264 766 3339 aquis.

57 3390 60 3395 .
82 3343 238 3424 Quidquid
252 3346 330 3404 etin
344 3346 434 3406 circo
449 3352 605 3424 spectatur
620 3350 654 3405 et
666 3344 916 3425 Amphitheatro,

38 3438 74 3490 10
121 3428 213 3488 Dives
230 3428 379 3489 Caesarea
392 3430 547 3509 praestitit
560 3427 640 3487 unda
653 3428 720 3492 tibi.

1013 212 1032 277 7
