2264 3786
277 249 609 314 EPIGRAMMATON
622 252 695 317 LIB.
711 255 762 317 IV.
969 255 1027 319 101

94 405 282 481 Dicebatque
298 406 359 462 suis
374 405 449 462 haee
464 410 579 464 tantum
594 404 701 464 deesse
715 409 879 486 trecentis,

134 488 177 545 Ut
191 493 296 566 posset
311 486 430 545 domino
445 486 592 566 plaudere
608 490 703 548 iustus
718 507 820 567 eques.

72 571 223 631 5Praotor
239 571 281 628 ait
294 570 381 646 „Seis
396 589 444 628 me
460 570 575 648 Scorpo
591 572 761 649 Thalloque
777 572 930 650 daturum,

135 654 236 730 Atque
249 654 362 712 utinam
376 660 497 712 eentum
510 654 592 714 milia
607 654 670 714 sola
685 654 821 717 darem.“

94 737 142 796 Ah
156 734 251 815 pudet
264 738 416 814 ingratae,
435 736 531 816 pudet
548 738 586 796 ah
600 737 678 797 mole
693 736 794 798 divitis
810 748 907 799 oreae.

137 818 225 894 Quod
238 839 299 878 non
314 818 366 879 das
381 822 493 899 equiti,
514 821 559 880 vis
573 820 663 899 dare,
682 821 827 900 Praetor,
849 823 948 899 equo?

461 988 592 1051 LXVIII.
624 1030 626 1034 .

95 1103 205 1161 Invitas
220 1107 341 1161 eentum
356 1099 573 1178 quadrantibus
587 1107 619 1161 et
632 1103 712 1161 bene
727 1119 826 1163 oenus.
895 1078 897 1083 ,
921 1067 924 1073 Ι

136 1185 179 1245 Ut
193 1203 299 1244 cenem
311 1185 439 1263 invitor,
462 1185 571 1262 Sexte,
592 1204 630 1243 an
643 1191 677 1244 ut
690 1184 863 1244 Invideami

474 1347 578 1410 LXIX.

98 1476 146 1536 Tu
160 1476 265 1536 Setina
280 1474 402 1554 quidem
417 1495 538 1556 semper
552 1473 602 1537 vel
616 1477 747 1537 Massica
760 1480 865 1557 ponis,

136 1558 259 1639 Papile,
280 1558 337 1619 sed
350 1580 453 1629 rumor
466 1568 529 1620 tam
542 1562 621 1620 bona
634 1563 703 1620 vina
715 1568 816 1638 negat,
893 1619 896 1630 ,

95 1644 213 1703 Diceris
226 1645 283 1703 hae
296 1644 394 1703 factus
411 1643 531 1721 caelebs
547 1650 653 1720 quater
668 1662 736 1704 esse
751 1643 868 1720 lagona

139 1726 203 1786 Nec
217 1734 308 1808 puto,
329 1745 388 1786 neo
402 1726 512 1803 eredo,
531 1726 655 1807 Papile,
676 1746 734 1787 neo
747 1728 826 1787 sitio.

478 1887 570 1951 LXX
637 1956 640 1963 Ι

96 2000 179 2062 Nihil
192 2002 348 2061 Ammiano
363 2007 488 2081 praeter
502 2001 616 2061 aridam
625 2008 746 2065 ‚restem
773 2054 777 2059 .

96 2085 235 2145 Moriens
249 2083 376 2163 reliquit
388 2085 503 2147 ultimis
516 2093 606 2166 pater
622 2087 709 2146 ceria.

95 2169 181 2228 Fieri
195 2175 318 2248 putaret
330 2187 420 2249 posse
435 2172 519 2250 quis,
533 2168 724 2246 ‚Marulline,

95 2253 139 2314 Ut
151 2253 323 2339 Ammianus
336 2260 487 2314 mortuum
499 2260 619 2334 patrem
631 2251 751 2313 nollet?

381 2372 383 2381 ’
474 2415 661 2476 ΠΗ,

98 2530 217 2605 Quaero
233 2528 285 2589 diu
299 2533 408 2606 totam,
429 2526 551 2586 Safroni
565 2525 660 2601 Rufe,
671 2542 738 2603 -per
750 2525 873 2601 urbem,

141 2613 173 2671 Si
189 2632 247 2690 qua
259 2610 361 2691 puella
375 2616 483 2688 neget:
504 2607 590 2668 nulla
608 2606 711 2688 puella
724 2613 824 2685 negat.

99 2696 256 2773 Tanquam
269 2695 315 2755 fas
328 2713 391 2753 non
404 2696 461 2773 sit,
482 2698 625 2771 tauquam
640 2693 680 2752 sit
693 2698 784 2772 turpe
797 2708 928 2770 negare,

140 2780 297 2857 Tanquam
311 2797 372 2837 nou
385 2776 494 2838 liceat:
515 2776 601 2836 nulla
614 2775 719 2856 puello
733 2783 833 2854 negat.

77 2864 190 2924 5Casta
203 2864 297 2941 igitur
310 2861 394 2923 nulla
408 2861 478 2921 esti
498 2867 568 2920 sunt
581 2867 681 2920 castae
696 2858 797 2919 mille:
820 2857 893 2938 quid
907 2877 980 2938 ergo

141 2949 232 3008 Casta
244 2947 342 3013 facit?
362 2966 423 3006 nou
438 2945 506 3024 dat,
528 2964 590 3004 nou
604 2952 705 3004 tamen
718 2943 773 3004 illa
786 2949 885 3022 negat.

468 3109 586 3177 LXXII.

99 3223 220 3300 Exigis,-
238 3229 272 3283 ut
286 3220 397 3282 donem
411 3227 533 3280 nostroe
547 3221 620 3295 tibi,
643 3219 770 3295 QuInte,
790 3211 924 3275 libellos.

139 3307 207 3366 Non
222 3308 335 3382 habeo,
358 3304 413 3366 sed
427 3306 520 3364 habet
532 3302 698 3382 bibliopola
712 3298 876 3377 Trqpluon.

94 3391 181 3464 „Aes
194 3389 271 3448 dabo
281 3408 341 3468 pro
355 3391 445 3469 nugis
461 3395 494 3450 et
512 3407 614 3449 emam
626 3394 683 3447 tua
695 3383 839 3444 earmina
849 3376 969 3438 sanus‘i.
1062 3440 1064 3444 μ

123 3469 334 3548 N011“1‘11‹1uis
347 3475 487 3553 „faeiem
500 3480 569 3538 tam
580 3471 709 3536 iatue.“
732 3467 813 3530 Neo
827 3480 906 3542 ego.
979 3468 982 3473 “
1001 3496 1005 3500 -
