2264 3786
90 195 129 256 16
406 191 450 254 Μ.
466 191 555 253 VAL.
571 189 793 250 MARTIALIS

173 336 253 422 Quid
268 343 391 421 dignum
405 349 491 403 tanto
506 344 565 402 tibi
582 348 689 402 ventre
704 340 834 420 gulaque
849 318 1023 422 precabor?

213 427 353 488 Boletum
368 427 487 505 qualem
501 425 646 486 Claudius
661 425 742 502 edit,
764 424 846 484 edas.

558 557 638 621 XXI.
689 567 692 577 ¹

172 675 247 734 Cum
261 678 385 754 peteret
398 679 503 749 regem
518 668 647 751 decepta
661 669 796 730 satellite
811 669 935 749 dextra,

200 758 339 835 ,Ingessit
353 757 447 815 aacria
462 773 495 814 ae
508 755 647 835 peritura
661 754 747 814 socia.

170 840 234 900 Sed
246 849 308 900 tam
322 857 410 900 aaeva
422 839 490 916 pina
505 835 649 897 miracula
662 856 725 896 nen
739 836 811 897 tulit
823 839 921 897 hostia

212 925 253 983 let
265 930 386 1001 raptum
399 923 527 980 flammis
541 922 630 980 iussit
645 922 729 979 abire
743 924 850 985 virum.

104 1020 107 1025 ’
149 1009 272 1068 5Urere
288 1025 377 1084 quam
389 1006 490 1084 potuit
507 1009 681 1082 contempto
696 1004 817 1064 Mucius
831 1006 911 1083 igni,

212 1091 299 1149 Hanc
317 1095 458 1168 spectare
473 1088 744 1165 manumPoraeua
757 1106 819 1169 nou
832 1091 942 1167 potuit.

61 1184 64 1189 “
105 1232 111 1249 ,
170 1175 271 1235 Maior
286 1171 434 1253 deceptae
447 1171 526 1231 fama
537 1178 586 1231 eat
599 1178 632 1231 et
645 1169 743 1248 gloria
759 1170 899 1231 dextrae:

212 1258 245 1317 Si
259 1276 320 1316 nou
335 1260 485 1333 errasset,
504 1256 623 1314 fecerat
635 1252 691 1313 illa
704 1255 811 1314 minua.

550 1387 642 1448 XXII.

171 1502 252 1579 Quid
267 1520 330 1561 nou
345 1517 434 1559 saeva
447 1500 527 1577 fugis
542 1497 657 1578 placidi
670 1497 758 1577 lepus
773 1497 962 1558 araleonis?

211 1587 369 1662 Frangere
386 1590 447 1643 tam
462 1602 569 1662 parvae
583 1601 646 1661 uon
659 1580 797 1641 didicere
813 1582 906 1646 ferar.

170 1670 335 1728 Servantur
354 1668 469 1744 maguis
481 1667 535 1725 isti
550 1665 718 1725 cervicibus
731 1684 847 1744 ungues

127 1790 130 1797 ·
211 1753 274 1811 Nec
289 1750 400 1830 gaudet
414 1750 500 1810 tenui
515 1750 660 1827 sauguine
673 1754 757 1808 tauta
769 1751 845 1808 sitia.

135 1835 290 1897 ¹&Praeda
305 1855 411 1894 cauum
424 1832 512 1914 lepus
526 1839 590 1910 est,
610 1836 710 1892 vastos
724 1852 785 1891 nou
801 1833 909 1912 implet
922 1836 1036 1895 hiatus:

210 1920 278 1979 Nou
291 1920 398 1978 timeat
412 1917 510 1976 Dacus
526 1917 665 1977 caesaria
680 1936 761 1975 arma
775 1935 860 1996 puer.

552 2063 657 2127 XXlll.

168 2179 280 2238 Invitae
294 2175 410 2236 nullum
424 2177 485 2235 nini
500 2195 567 2235 cum
582 2195 657 2254 quo,
680 2173 787 2253 Cotta,
808 2176 917 2238 lavaris

211 2262 253 2320 Et
267 2258 340 2320 daut
354 2259 507 2319 convivam
520 2257 630 2319 balnea
645 2258 712 2320 aola
724 2261 791 2320 tibi.

169 2346 322 2421 Mirabar,
344 2361 438 2422 quare
452 2363 604 2422 uunquam
616 2362 683 2422 me,
705 2344 813 2420 (latta,
834 2363 988 2404 vocasses:

210 2429 270 2488 Iam
285 2429 364 2506 scin,
385 2446 433 2488 me
447 2427 559 2487 nudum
574 2426 767 2508 displicuieae
779 2428 846 2488 tibi.

548 2561 656 2624 XXIV.

170 2677 290 2755 Aspicis
304 2678 468 2756 incomptis
481 2674 585 2754 illum,
606 2677 756 2752 Decime,
779 2674 917 2755 capillis,

213 2760 306 2819 (iuius
321 2761 435 2840 etipse
452 2762 542 2820 timec
556 2760 648 2818 triste
663 2757 877 2838 supercilium,

171 2842 229 2917 Qui
243 2840 380 2921 loquitur
394 2844 503 2904 Curiae
519 2851 749 2920 assertoresque
764 2841 931 2903 Camillos?

210 2925 312 2987 Nolito
326 2928 424 2988 fronti
438 2924 581 2986 credere:
601 2927 704 3005 nupsit
714 2925 792 2985 heri.

548 3057 642 3121 XXV.

170 3173 237 3233 Ede
255 3181 323 3232 tuoe
338 3171 460 3231 tandem
473 3169 605 3251 populo,
625 3171 789 3247 Fauatine,
807 3169 933 3232 libellos
1033 3188 1041 3228 .·

211 3258 252 3317 Et
266 3254 379 3315 cultum
394 3254 483 3314 docto
498 3261 626 3334 pectore
640 3256 748 3335 profer
761 3274 853 3335 opus,

171 3338 260 3416 Quod
273 3358 331 3399 uec
347 3339 516 3419 Cecropiae
531 3337 676 3400 damnent
688 3337 853 3398 Pandionia
868 3357 956 3399 arces

210 3423 274 3482 Nec
288 3421 400 3483 sileant
413 3424 511 3484 nostri
525 3429 782 3503 praetereantque
796 3441 896 3484 aenea.
