2264 3786
443 213 708 270 PRAEFATIO·
743 264 749 276 ,
1061 235 1088 271 xi

126 368 193 421 Post
202 367 289 421 verba
303 364 392 436 epigr.
410 365 538 423 1101011
554 377 618 420 suos
634 369 695 420 octo
719 363 851 436 deinceps
873 366 1091 437 epigrammaton

62 453 195 506 lemmata
205 450 358 504 uncialibus
370 448 465 502 litteris
476 449 629 519 perscripta
640 453 715 515 sunt,
736 449 833 519 quibus
845 450 986 519 quaternio
998 453 1091 523 exple-

64 542 118 589 tur.
147 532 304 602 Scripturas
323 531 384 585 illas
400 531 586 585 consideranti
606 547 661 586 non
682 537 772 602 potest
792 534 939 589 obscurum
961 549 1040 602 esse,
1064 542 1092 590 et

64 616 139 673 hunc
151 615 277 670 codicem
289 631 324 668 ex
337 613 440 668 familia
453 612 484 669 G·
496 613 648 669 derivatum
662 615 796 685 peculiari
815 615 906 685 aliqua
923 618 1092 686 praestantia

64 688 247 770 conspicuum
257 715 313 753 non
324 713 398 752 esse.
438 696 510 752 Illud
520 695 602 751 valde
620 698 797 754 memorabile
809 704 865 765 est,
885 699 958 770 quod
972 717 1035 755 curn
1046 718 1091 756 co·

64 781 303 839 dexBethmanno
314 781 405 836 iudice
417 796 492 834 saec.
503 780 541 834 Xl
558 781 677 850 scriptus
693 781 847 837 Martialem
862 787 968 852 poetam
984 799 1090 841 cocom-

63 879 115 937 101
134 866 273 936 appellet,
293 882 349 920 non
366 863 448 919 Italos
468 863 579 918 demum
591 880 666 918 saec.
677 863 738 931 XV,
763 880 834 936 quae
846 865 910 919 olim
922 866 1014 936 opinio
1029 883 1092 923 mea

64 954 131 1016 erat,
149 955 276 1003 auctores
295 950 356 1003 miri
375 947 444 1001 tituli
461 948 547 1003 luisse
567 952 691 1017 apparet.
736 947 794 1002 Iam
805 962 868 1002 cum
878 946 975 1005 Xeniis
986 951 1033 1006 illa
1044 966 1092 1023 ap·

10 1090 13 1099 ,
63 1032 175 1103 pellatia
193 1032 318 1102 praelixa
334 1033 384 1097 sit,
409 1031 437 1084 in
455 1045 555 1085 caussa
573 1030 659 1085 fuisse
674 1029 757 1088 huius
774 1031 861 1102 ipsius
873 1032 934 1086 libri
946 1049 1092 1104 argumen-

64 1122 129 1182 tum,
142 1130 191 1169 cur
205 1116 300 1170 iocose
311 1120 393 1185 poeta
411 1116 469 1168 coci
484 1113 593 1168 nomine
605 1120 794 1181 exornaretur,
811 1115 953 1184 probabile
971 1117 1091 1187 cuipiam

65 1197 154 1252 videri
172 1199 270 1268 possit.
303 1198 466 1268 Quanquam
483 1212 518 1251 ne
536 1212 608 1251 nunc
627 1197 738 1267 quidem
755 1197 824 1252 illud
841 1198 1038 1270 negligendmn
1050 1205 1093 1255 est

63 1280 140 1350 quod
152 1279 199 1334 ed.
209 1282 275 1336 mai.
286 1281 317 1335 T.
329 1281 361 1348 ll,
371 1297 402 1351 p.
413 1281 464 1337 706
475 1280 633 1350 perstrinxi.

125 1364 273 1418 Praeterea
284 1365 321 1418 M.
332 1364 465 1434 Hauptius
478 1364 506 1417 in
523 1363 600 1418 Actis
621 1362 750 1419 Societat.
765 1362 826 1418 Litt.
843 1364 994 1436 Lipsiensis
1012 1368 1090 1433 1850,

62 1447 216 1518 lp.8sqq.
226 1454 332 1518 partem
352 1447 570 1518 epigrammaton
585 1447 718 1501 Martialis
737 1446 853 1504 aliorum
871 1453 1014 1518 poetarum
1032 1463 1091 1504 car·

62 1530 183 1586 minibus
194 1531 377 1585 intermixtam
392 1531 513 1601 repperit
524 1530 552 1584 in
567 1530 664 1584 codice
679 1528 800 1600 quodam
816 1530 939 1585 miscello
954 1530 1091 1601 Lipsiensi

64 1628 141 1667 saec.
150 1611 187 1667 X.
216 1614 259 1668 Ex
270 1629 324 1684 quo
336 1629 408 1683 quae
419 1613 553 1683 Hauptius
570 1614 709 1683 excerpsit
723 1613 774 1667 etsi
789 1613 887 1668 librum
899 1629 936 1668 ex
949 1614 1022 1669 tonte
1036 1631 1092 1669 non

62 1696 137 1749 malo
149 1703 334 1768 propagatum¹
342 1696 451 1764 docent,
470 1694 651 1753 emendandis
663 1702 754 1750 tamen
765 1701 864 1767 poetae
878 1698 972 1752 verbis
984 1699 1092 1768 perexi-

65 1795 152 1848 guum
161 1795 241 1834 usum
254 1779 366 1834 habent.
398 1774 541 1846 Quaedam
552 1780 623 1833 inira
636 1781 864 1846 commemoravi:
882 1783 1092 1836 commemorari

62 1863 147 1916 etiam
162 1861 216 1918 hoc
233 1868 339 1934 potest,
361 1862 487 1918 codicem
504 1863 566 1917 libr.
582 1865 664 1934 280,
676 1861 756 1919 alltc
767 1861 866 1916 offerre
878 1879 928 1933 pro
939 1865 1016 1934 vulg
1027 1864 1092 1932 Hic,

64 1943 157 2014 quod
151 1962 242 2016 ipsum
252 1947 316 2004 Ant.
328 1946 415 2002 Roius
430 1947 573 2016 poscebat.
603 1945 640 2001 At
653 1945 808 2016 excerptori
820 1945 1002 2048 conveniebat
1013 1947 1090 2015 illud,

64 2029 91 2081 in
103 2029 210 2099 integro
224 2031 345 2085 carmine
356 2031 411 2085 Hic
421 2030 475 2099 apti
477 2046 509 2084 us
521 2034 573 2084 est.

125 2112 268 2166 Postremo
281 2109 353 2168 Guil.
364 2112 534 2169 Hamiltonus
552 2111 589 2166 ad
600 2113 774 2167 collationem
786 2112 1004 2185 Edinburgensis
1017 2113 1092 2168 codi-

62 2195 104 2248 cis
121 2194 229 2251 addidit
244 2196 402 2262 „Adnotatu
423 2194 561 2266 quaedam
575 2196 708 2253 Hadriani
723 2196 793 2251 lunii
810 2213 845 2251 ex
862 2195 974 2252 schedis
985 2197 1091 2252 Dorvil-

62 2279 158 2346 lianis,
185 2280 210 2334 si
230 2284 304 2333 recte
326 2280 450 2347 memini,
473 2280 501 2333 in
521 2278 685 2334 bibliotheca
705 2279 858 2334 Bodleiana
878 2280 1028 2339 asservatis
1045 2296 1092 2345 ex-

62 2363 188 2431 cerpta.“
231 2361 306 2428 Quae
325 2379 361 2418 ex
371 2363 503 2418 Thuaneo
523 2362 619 2417 codice
637 2364 753 2433 repetita
764 2378 827 2418 esse
839 2369 967 2418 accurata
975 2379 1019 2417 mc
1030 2379 1092 2433 per-

63 2445 212 2514 vestigatio
230 2443 332 2502 docuit.
354 2475 396 2486 -
417 2446 541 2516 Denique
553 2453 582 2502 ut
593 2446 647 2501 hoc
660 2446 776 2511 addam,
798 2445 834 2499 ad
846 2444 952 2500 indices
965 2445 1093 2500 codicum

61 2528 130 2582 olim
142 2527 279 2584 exhibitos
290 2528 424 2585 accedant
440 2529 544 2600 aliquot
554 2528 666 2583 codices
679 2545 715 2583 ex
724 2528 790 2582 Maii
802 2527 952 2599 Spicilegio
965 2529 1090 2584 Romano

15 2654 18 2661 .
61 2611 96 2677 V,
108 2626 137 2680 p.
149 2616 199 2669 191
212 2618 238 2666 et
248 2617 309 2671 212.
349 2614 444 2669 Priore
461 2614 522 2666 loco
539 2617 664 2667 vetustus
682 2611 767 2666 index
782 2612 852 2665 inter
867 2611 978 2668 codices
997 2613 1092 2667 biblio-

61 2693 163 2749 thecae
184 2695 431 2753 Laureshamensis
449 2696 547 2752 habet:
571 2697 664 2763 „Libri
680 2695 813 2751 Martialis
829 2701 927 2766 poetae
940 2697 968 2750 in
979 2712 1033 2750 uno
1047 2713 1092 2752 co-

62 2777 162 2844 dice“;
180 2780 265 2833 altero
277 2779 362 2835 index
380 2779 554 2838 corbeiensis
571 2779 767 2835 bibliothecae:
792 2780 954 2848 „Martialis
979 2779 1091 2836 Statius.

62 2861 198 2917 Aeneis.“
225 2862 265 2916 De
276 2863 337 2917 aliis
349 2863 514 2933 quibusdam
527 2864 573 2917 vel
586 2862 623 2917 ad
635 2862 839 2919 emendandum
850 2864 895 2918 vel
906 2862 943 2918 ad
953 2864 1092 2934 explican-

64 2942 129 2999 dum
138 2945 292 3000 Martialem
302 2946 451 3017 praesidiis
465 2946 555 3000 dicam
572 2946 600 3000 in
612 2947 832 3015 commentariis,
856 2962 926 3019 quos
943 2944 1090 3017 aliquando

63 3026 147 3081 edere
158 3029 267 3084 animus
279 3033 331 3084 est.

124 3110 167 3165 Ex
190 3113 267 3166 libris
289 3127 387 3166 recens
409 3113 538 3168 excussis
554 3119 584 3168 nt
601 3113 629 3167 in
640 3112 876 3184 recognoscendis
886 3110 980 3167 verbis
992 3119 1091 3182 poetae

62 3209 117 3247 non
129 3196 244 3250 multum
254 3195 374 3265 proieci,
392 3196 428 3250 ita
440 3196 537 3253 sedulo
549 3213 661 3268 operam
673 3197 753 3265 dedi,
766 3204 795 3253 ut
806 3198 903 3251 iterum
913 3195 1015 3261 edendi
1027 3213 1092 3250 con-

63 3276 174 3332 dicion'e
191 3284 301 3349 praeter
318 3279 477 3349 opinionem
495 3282 585 3334 oblata
600 3281 733 3334 Martialis
751 3282 792 3334 sui
813 3277 928 3334 similior
948 3279 1089 3334 evaderet.

61 3360 120 3416 Nec
132 3361 279 3432 quisquam
290 3363 446 3430 mirabitur,
464 3362 538 3434 quod
549 3363 696 3416 interiectis
709 3360 815 3416 duobus
826 3362 919 3417 lustris
931 3364 966 3417 ab
979 3379 1013 3417 ea
1023 3364 1091 3419 scri·

61 3450 152 3513 ptura,
165 3461 248 3515 quam
258 3446 287 3498 ln
299 3445 419 3500 editione
431 3447 534 3500 maiore
546 3460 705 3516 posueram,
716 3461 770 3498 non
783 3446 819 3499 ita
830 3460 893 3499 raro
904 3446 1021 3500 recessi.
1045 3444 1090 3500 Et·
