<?xml version="1.0" encoding="UTF-8"?>
<!DOCTYPE html PUBLIC "-//W3C//DTD XHTML 1.0 Transitional//EN"
    "http://www.w3.org/TR/xhtml1/DTD/xhtml1-transitional.dtd">
<html xmlns="http://www.w3.org/1999/xhtml" xml:lang="en" lang="en">
 <head>
  <title>
</title>
<meta http-equiv="Content-Type" content="text/html;charset=utf-8" />
  <meta name='ocr-system' content='tesseract 3.04.00' />
  <meta name='ocr-capabilities' content='ocr_page ocr_carea ocr_par ocr_line ocrx_word'/>
</head>
<body>
  <div class='ocr_page' id='page_1' title='image "./epigrammatonlib00martgoog_0151.png"; bbox 0 0 2264 3786; ppageno 0'>
   <div class='ocr_carea' id='block_1_1' title="bbox 90 187 865 255">
    <p class='ocr_par' dir='ltr' id='par_1_1' title="bbox 90 187 865 255">
     <span class='ocr_line' id='line_1_1' title="bbox 90 187 865 255; baseline -0.006 0"><span class='ocrx_word' id='word_1_1' title='bbox 90 188 150 255; x_wconf 81' lang='lat'><strong>130</strong></span> <span class='ocrx_word' id='word_1_2' title='bbox 274 246 279 255; x_wconf 76' lang='grc'>.</span> <span class='ocrx_word' id='word_1_3' title='bbox 406 189 450 253; x_wconf 89' lang='grc' dir='ltr'><strong>Μ.</strong></span> <span class='ocrx_word' id='word_1_4' title='bbox 465 189 556 255; x_wconf 76' lang='lat' dir='ltr'><strong>VAL.</strong></span> <span class='ocrx_word' id='word_1_5' title='bbox 570 187 792 251; x_wconf 81' lang='lat' dir='ltr'><strong>MARTIALIS</strong></span> <span class='ocrx_word' id='word_1_6' title='bbox 861 190 865 207; x_wconf 77' lang='lat'><strong>²</strong></span> 
     </span>
    </p>
   </div>
   <div class='ocr_carea' id='block_1_2' title="bbox 131 339 1054 1005">
    <p class='ocr_par' dir='ltr' id='par_1_2' title="bbox 131 339 1054 1005">
     <span class='ocr_line' id='line_1_2' title="bbox 151 339 969 423; baseline -0.004 -17"><span class='ocrx_word' id='word_1_7' title='bbox 151 345 215 406; x_wconf 72' lang='lat' dir='ltr'><strong>sut</strong></span> <span class='ocrx_word' id='word_1_8' title='bbox 230 361 317 421; x_wconf 87' lang='lat' dir='ltr'><strong>quam</strong></span> <span class='ocrx_word' id='word_1_9' title='bbox 330 361 391 401; x_wconf 89' lang='lat' dir='ltr'><strong>uou</strong></span> <span class='ocrx_word' id='word_1_10' title='bbox 403 343 547 420; x_wconf 83' lang='lat' dir='ltr'><strong>tetricus,</strong></span> <span class='ocrx_word' id='word_1_11' title='bbox 570 339 756 420; x_wconf 83' lang='lat' dir='ltr'><strong>quamuulla</strong></span> <span class='ocrx_word' id='word_1_12' title='bbox 767 340 890 402; x_wconf 82' lang='lat' dir='ltr'><strong>nubilus</strong></span> <span class='ocrx_word' id='word_1_13' title='bbox 904 343 969 423; x_wconf 80' lang='lat' dir='ltr'><strong>ira,</strong></span> 
     </span>
     <span class='ocr_line' id='line_1_3' title="bbox 215 424 920 507; baseline 0 -21"><span class='ocrx_word' id='word_1_14' title='bbox 215 427 310 503; x_wconf 79' lang='lat' dir='ltr'><strong>Quam</strong></span> <span class='ocrx_word' id='word_1_15' title='bbox 322 424 444 507; x_wconf 82' lang='lat' dir='ltr'><strong>placido</strong></span> <span class='ocrx_word' id='word_1_16' title='bbox 458 431 578 485; x_wconf 84' lang='lat' dir='ltr'><strong>nostras</strong></span> <span class='ocrx_word' id='word_1_17' title='bbox 594 424 713 503; x_wconf 77' lang='lat' dir='ltr'><strong>legerat</strong></span> <span class='ocrx_word' id='word_1_18' title='bbox 727 443 781 485; x_wconf 88' lang='lat' dir='ltr'><strong>ore</strong></span> <span class='ocrx_word' id='word_1_19' title='bbox 795 427 920 504; x_wconf 81' lang='lat' dir='ltr'><strong>preces!</strong></span> 
     </span>
     <span class='ocr_line' id='line_1_4' title="bbox 173 507 873 588; baseline 0 -19"><span class='ocrx_word' id='word_1_20' title='bbox 173 507 260 570; x_wconf 83' lang='lat' dir='ltr'><strong>Talis</strong></span> <span class='ocrx_word' id='word_1_21' title='bbox 274 509 460 588; x_wconf 80' lang='lat' dir='ltr'>supplicibus</span> <span class='ocrx_word' id='word_1_22' title='bbox 474 508 583 568; x_wconf 82' lang='lat' dir='ltr'><strong>tribuit</strong></span> <span class='ocrx_word' id='word_1_23' title='bbox 598 508 768 568; x_wconf 86' lang='lat' dir='ltr'><strong>diademata</strong></span> <span class='ocrx_word' id='word_1_24' title='bbox 782 509 873 569; x_wconf 81' lang='lat' dir='ltr'><strong>Daris</strong></span> 
     </span>
     <span class='ocr_line' id='line_1_5' title="bbox 212 591 945 673; baseline -0.005 -19"><span class='ocrx_word' id='word_1_25' title='bbox 212 593 254 654; x_wconf 81' lang='lat' dir='ltr'><strong>Et</strong></span> <span class='ocrx_word' id='word_1_26' title='bbox 267 591 454 673; x_wconf 80' lang='lat' dir='ltr'><strong>capitolinas</strong></span> <span class='ocrx_word' id='word_1_27' title='bbox 468 593 554 670; x_wconf 86' lang='lat' dir='ltr'><strong>itque</strong></span> <span class='ocrx_word' id='word_1_28' title='bbox 568 592 711 671; x_wconf 86' lang='lat' dir='ltr'><strong>reditque</strong></span> <span class='ocrx_word' id='word_1_29' title='bbox 725 592 796 652; x_wconf 83' lang='lat' dir='ltr'><strong>vias.</strong></span> <span class='ocrx_word' id='word_1_30' title='bbox 942 592 945 599; x_wconf 79' lang='grc'>’</span> 
     </span>
     <span class='ocr_line' id='line_1_6' title="bbox 169 673 1002 756; baseline 0 -20"><span class='ocrx_word' id='word_1_31' title='bbox 169 677 227 746; x_wconf 82' lang='lat' dir='ltr'><strong>Dic</strong></span> <span class='ocrx_word' id='word_1_32' title='bbox 240 694 367 756; x_wconf 81' lang='lat' dir='ltr'><strong>precor,</strong></span> <span class='ocrx_word' id='word_1_33' title='bbox 385 695 403 735; x_wconf 91' lang='lat' dir='ltr'><strong>o</strong></span> <span class='ocrx_word' id='word_1_34' title='bbox 418 677 517 736; x_wconf 85' lang='lat' dir='ltr'><strong>nostri</strong></span> <span class='ocrx_word' id='word_1_35' title='bbox 532 674 581 735; x_wconf 88' lang='lat' dir='ltr'><strong>dic</strong></span> <span class='ocrx_word' id='word_1_36' title='bbox 591 675 717 735; x_wconf 84' lang='lat' dir='ltr'><strong>&#39;oouacia</strong></span> <span class='ocrx_word' id='word_1_37' title='bbox 731 675 816 752; x_wconf 81' lang='lat' dir='ltr'><strong>virgo</strong></span> <span class='ocrx_word' id='word_1_38' title='bbox 831 673 1002 755; x_wconf 82' lang='lat' dir='ltr'><strong>Tonantis,&#39;</strong></span> 
     </span>
     <span class='ocr_line' id='line_1_7' title="bbox 131 756 907 838; baseline -0.008 -15"><span class='ocrx_word' id='word_1_39' title='bbox 131 772 166 823; x_wconf 85' lang='lat'><strong>10</strong></span> <span class='ocrx_word' id='word_1_40' title='bbox 213 759 247 819; x_wconf 87' lang='lat' dir='ltr'><strong>Si</strong></span> <span class='ocrx_word' id='word_1_41' title='bbox 260 766 352 838; x_wconf 81' lang='lat' dir='ltr'><strong>negat</strong></span> <span class='ocrx_word' id='word_1_42' title='bbox 363 759 422 818; x_wconf 89' lang='lat' dir='ltr'><strong>hoo</strong></span> <span class='ocrx_word' id='word_1_43' title='bbox 435 757 534 836; x_wconf 87' lang='lat' dir='ltr'><strong>voltu,</strong></span> <span class='ocrx_word' id='word_1_44' title='bbox 553 778 613 837; x_wconf 90' lang='lat' dir='ltr'><strong>quo</strong></span> <span class='ocrx_word' id='word_1_45' title='bbox 628 757 707 818; x_wconf 87' lang='lat' dir='ltr'><strong>solet</strong></span> <span class='ocrx_word' id='word_1_46' title='bbox 721 774 795 834; x_wconf 85' lang='lat' dir='ltr'><strong>ergo</strong></span> <span class='ocrx_word' id='word_1_47' title='bbox 811 756 907 817; x_wconf 71' lang='lat' dir='ltr'><strong>dare?</strong></span> 
     </span>
     <span class='ocr_line' id='line_1_8' title="bbox 172 839 1018 922; baseline -0.005 -18"><span class='ocrx_word' id='word_1_48' title='bbox 172 843 223 905; x_wconf 88' lang='lat' dir='ltr'><strong>Sio</strong></span> <span class='ocrx_word' id='word_1_49' title='bbox 237 861 309 920; x_wconf 83' lang='lat' dir='ltr'><strong>ego:</strong></span> <span class='ocrx_word' id='word_1_50' title='bbox 321 844 375 902; x_wconf 81' lang='lat' dir='ltr'><strong>sic</strong></span> <span class='ocrx_word' id='word_1_51' title='bbox 387 843 522 901; x_wconf 84' lang='lat' dir='ltr'><strong>breviter</strong></span> <span class='ocrx_word' id='word_1_52' title='bbox 538 843 637 922; x_wconf 86' lang='lat' dir='ltr'><strong>posita</strong></span> <span class='ocrx_word' id='word_1_53' title='bbox 655 842 730 901; x_wconf 90' lang='lat' dir='ltr'><strong>mihi</strong></span> <span class='ocrx_word' id='word_1_54' title='bbox 745 841 888 921; x_wconf 76' lang='lat' dir='ltr'><strong>Gorgone</strong></span> <span class='ocrx_word' id='word_1_55' title='bbox 901 839 1018 902; x_wconf 78' lang='lat' dir='ltr'><strong>Pallas:</strong></span> 
     </span>
     <span class='ocr_line' id='line_1_9' title="bbox 212 922 1054 1005; baseline -0.001 -19"><span class='ocrx_word' id='word_1_56' title='bbox 212 927 318 1005; x_wconf 77' lang='lat' dir='ltr'><strong>„Quae</strong></span> <span class='ocrx_word' id='word_1_57' title='bbox 332 922 465 985; x_wconf 88' lang='lat' dir='ltr'><strong>noudum</strong></span> <span class='ocrx_word' id='word_1_58' title='bbox 480 924 550 985; x_wconf 86' lang='lat' dir='ltr'><strong>data</strong></span> <span class='ocrx_word' id='word_1_59' title='bbox 563 930 649 1002; x_wconf 84' lang='lat' dir='ltr'><strong>sunt,</strong></span> <span class='ocrx_word' id='word_1_60' title='bbox 670 923 779 1003; x_wconf 84' lang='lat' dir='ltr'><strong>stulte,</strong></span> <span class='ocrx_word' id='word_1_61' title='bbox 800 931 910 1003; x_wconf 77' lang='lat' dir='ltr'><strong>negata</strong></span> <span class='ocrx_word' id='word_1_62' title='bbox 923 925 1054 1004; x_wconf 60' lang='grc' dir='ltr'><strong>ιιιιιιιῖ66</strong></span> 
     </span>
    </p>
   </div>
   <div class='ocr_carea' id='block_1_3' title="bbox 576 1063 626 1126">
    <p class='ocr_par' dir='ltr' id='par_1_3' title="bbox 576 1063 626 1126">
     <span class='ocr_line' id='line_1_10' title="bbox 576 1063 626 1126; baseline 0.04 -2"><span class='ocrx_word' id='word_1_63' title='bbox 576 1063 626 1126; x_wconf 82' lang='lat' dir='ltr'><strong>XI.</strong></span> 
     </span>
    </p>
   </div>
   <div class='ocr_carea' id='block_1_4' title="bbox 18 1169 1069 2006">
    <p class='ocr_par' dir='ltr' id='par_1_4' title="bbox 173 1169 1064 1338">
     <span class='ocr_line' id='line_1_11' title="bbox 173 1169 1064 1256; baseline -0.001 -19"><span class='ocrx_word' id='word_1_64' title='bbox 173 1175 262 1255; x_wconf 78' lang='lat' dir='ltr'><strong>Quod</strong></span> <span class='ocrx_word' id='word_1_65' title='bbox 274 1194 336 1237; x_wconf 89' lang='lat' dir='ltr'><strong>uon</strong></span> <span class='ocrx_word' id='word_1_66' title='bbox 349 1176 391 1236; x_wconf 86' lang='lat' dir='ltr'><strong>sit</strong></span> <span class='ocrx_word' id='word_1_67' title='bbox 403 1169 535 1255; x_wconf 81' lang='lat' dir='ltr'><strong>Pylades</strong></span> <span class='ocrx_word' id='word_1_68' title='bbox 547 1175 606 1236; x_wconf 85' lang='lat' dir='ltr'><strong>hoc</strong></span> <span class='ocrx_word' id='word_1_69' title='bbox 618 1181 773 1256; x_wconf 84' lang='lat' dir='ltr'><strong>tempore,</strong></span> <span class='ocrx_word' id='word_1_70' title='bbox 793 1177 909 1236; x_wconf 81' lang='lat' dir='ltr'><strong>nonsit</strong></span> <span class='ocrx_word' id='word_1_71' title='bbox 924 1176 1064 1255; x_wconf 77' lang='lat' dir='ltr'><strong>orestes,</strong></span> 
     </span>
     <span class='ocr_line' id='line_1_12' title="bbox 214 1258 934 1338; baseline -0.003 -18"><span class='ocrx_word' id='word_1_72' title='bbox 214 1259 362 1321; x_wconf 71' lang='lat' dir='ltr'><strong>Miraris?</strong></span> <span class='ocrx_word' id='word_1_73' title='bbox 388 1258 535 1338; x_wconf 72' lang='lat' dir='ltr'><strong>Pyladea,</strong></span> <span class='ocrx_word' id='word_1_74' title='bbox 553 1260 676 1338; x_wconf 88' lang='lat' dir='ltr'><strong>Marce,</strong></span> <span class='ocrx_word' id='word_1_75' title='bbox 697 1260 823 1319; x_wconf 83' lang='lat' dir='ltr'><strong>bibebat</strong></span> <span class='ocrx_word' id='word_1_76' title='bbox 833 1258 934 1338; x_wconf 89' lang='lat' dir='ltr'><strong>idem,</strong></span> 
     </span>
    </p>

    <p class='ocr_par' dir='ltr' id='par_1_5' title="bbox 168 1340 920 1507">
     <span class='ocr_line' id='line_1_13' title="bbox 168 1340 920 1424; baseline -0.005 -18"><span class='ocrx_word' id='word_1_77' title='bbox 168 1344 238 1407; x_wconf 83' lang='lat' dir='ltr'><strong>Nec</strong></span> <span class='ocrx_word' id='word_1_78' title='bbox 251 1342 361 1403; x_wconf 89' lang='lat' dir='ltr'><strong>melior</strong></span> <span class='ocrx_word' id='word_1_79' title='bbox 374 1344 460 1424; x_wconf 89' lang='lat' dir='ltr'><strong>panis</strong></span> <span class='ocrx_word' id='word_1_80' title='bbox 474 1340 619 1403; x_wconf 78' lang='lat' dir='ltr'><strong>turdusve</strong></span> <span class='ocrx_word' id='word_1_81' title='bbox 633 1342 760 1403; x_wconf 87' lang='lat' dir='ltr'><strong>dabatur</strong></span> <span class='ocrx_word' id='word_1_82' title='bbox 775 1340 920 1421; x_wconf 76' lang='lat' dir='ltr'><strong>Orestae,</strong></span> 
     </span>
     <span class='ocr_line' id='line_1_14' title="bbox 214 1424 881 1507; baseline -0.005 -20"><span class='ocrx_word' id='word_1_83' title='bbox 214 1426 278 1487; x_wconf 88' lang='lat' dir='ltr'><strong>Sed</strong></span> <span class='ocrx_word' id='word_1_84' title='bbox 290 1447 345 1507; x_wconf 87' lang='lat' dir='ltr'><strong>par</strong></span> <span class='ocrx_word' id='word_1_85' title='bbox 362 1433 452 1505; x_wconf 86' lang='lat' dir='ltr'><strong>atque</strong></span> <span class='ocrx_word' id='word_1_86' title='bbox 467 1424 586 1486; x_wconf 83' lang='lat' dir='ltr'><strong>eadem</strong></span> <span class='ocrx_word' id='word_1_87' title='bbox 587 1444 661 1487; x_wconf 85' lang='lat' dir='ltr'><strong>cena</strong></span> <span class='ocrx_word' id='word_1_88' title='bbox 677 1424 792 1486; x_wconf 91' lang='lat' dir='ltr'><strong>duobus</strong></span> <span class='ocrx_word' id='word_1_89' title='bbox 806 1433 881 1486; x_wconf 84' lang='lat' dir='ltr'><strong>erat.</strong></span> 
     </span>
    </p>

    <p class='ocr_par' dir='ltr' id='par_1_6' title="bbox 153 1500 1030 1672">
     <span class='ocr_line' id='line_1_15' title="bbox 153 1500 1030 1588; baseline -0.005 -16"><span class='ocrx_word' id='word_1_90' title='bbox 153 1511 225 1573; x_wconf 83' lang='lat' dir='ltr'><strong>5Tu</strong></span> <span class='ocrx_word' id='word_1_91' title='bbox 240 1511 371 1569; x_wconf 84' lang='lat' dir='ltr'><strong>Lucrina</strong></span> <span class='ocrx_word' id='word_1_92' title='bbox 384 1528 488 1586; x_wconf 87' lang='lat' dir='ltr'><strong>voras,</strong></span> <span class='ocrx_word' id='word_1_93' title='bbox 507 1527 556 1569; x_wconf 91' lang='lat' dir='ltr'><strong>me</strong></span> <span class='ocrx_word' id='word_1_94' title='bbox 569 1510 667 1588; x_wconf 83' lang='lat' dir='ltr'><strong>pascit</strong></span> <span class='ocrx_word' id='word_1_95' title='bbox 680 1528 791 1588; x_wconf 84' lang='lat' dir='ltr'><strong>aquoso</strong></span> <span class='ocrx_word' id='word_1_96' title='bbox 804 1506 942 1569; x_wconf 82' lang='lat' dir='ltr'><strong>Peioris·</strong></span> <span class='ocrx_word' id='word_1_97' title='bbox 1027 1500 1030 1515; x_wconf 69' lang='lat'><strong>¹</strong></span> 
     </span>
     <span class='ocr_line' id='line_1_16' title="bbox 214 1591 994 1683; baseline 0 -30"><span class='ocrx_word' id='word_1_98' title='bbox 214 1593 283 1654; x_wconf 89' lang='lat' dir='ltr'><strong>Non</strong></span> <span class='ocrx_word' id='word_1_99' title='bbox 295 1594 394 1652; x_wconf 87' lang='lat' dir='ltr'><strong>minus</strong></span> <span class='ocrx_word' id='word_1_100' title='bbox 407 1594 539 1671; x_wconf 85' lang='lat' dir='ltr'><strong>ingenua</strong></span> <span class='ocrx_word' id='word_1_101' title='bbox 553 1602 601 1652; x_wconf 88' lang='lat' dir='ltr'><strong>est</strong></span> <span class='ocrx_word' id='word_1_102' title='bbox 615 1593 750 1670; x_wconf 81' lang='lat' dir='ltr'><strong>etmih1‚</strong></span> <span class='ocrx_word' id='word_1_103' title='bbox 771 1592 894 1670; x_wconf 81' lang='lat' dir='ltr'><strong>Marce,</strong></span> <span class='ocrx_word' id='word_1_104' title='bbox 916 1591 994 1683; x_wconf 80' lang='lat' dir='ltr'><strong>gula</strong></span> 
     </span>
    </p>

    <p class='ocr_par' dir='ltr' id='par_1_7' title="bbox 41 1672 1015 1756">
     <span class='ocr_line' id='line_1_17' title="bbox 41 1672 1015 1756; baseline -0.003 -17"><span class='ocrx_word' id='word_1_105' title='bbox 41 1676 44 1689; x_wconf 88' lang='lat'>&#39;</span> <span class='ocrx_word' id='word_1_106' title='bbox 84 1696 91 1705; x_wconf 79' lang='grc'><em>’</em></span> <span class='ocrx_word' id='word_1_107' title='bbox 175 1678 222 1739; x_wconf 74' lang='lat' dir='ltr'><strong>&#39;l&#39;e</strong></span> <span class='ocrx_word' id='word_1_108' title='bbox 237 1675 369 1738; x_wconf 79' lang='lat' dir='ltr'><strong>Cadmea</strong></span> <span class='ocrx_word' id='word_1_109' title='bbox 385 1676 502 1755; x_wconf 81' lang='lat' dir='ltr'><strong>Tyros,</strong></span> <span class='ocrx_word' id='word_1_110' title='bbox 522 1694 571 1736; x_wconf 92' lang='lat' dir='ltr'><strong>me</strong></span> <span class='ocrx_word' id='word_1_111' title='bbox 583 1678 703 1756; x_wconf 79' lang='lat' dir='ltr'><strong>pinguia</strong></span> <span class='ocrx_word' id='word_1_112' title='bbox 718 1672 954 1737; x_wconf 82' lang='lat' dir='ltr'><strong>Galliurestit·</strong></span> <span class='ocrx_word' id='word_1_113' title='bbox 1011 1744 1015 1753; x_wconf 28' lang='lat'><strong>¹</strong></span> 
     </span>
    </p>

    <p class='ocr_par' dir='ltr' id='par_1_8' title="bbox 18 1760 964 1842">
     <span class='ocr_line' id='line_1_18' title="bbox 18 1760 964 1842; baseline -0.005 -18"><span class='ocrx_word' id='word_1_114' title='bbox 18 1799 21 1807; x_wconf 89' lang='lat'>·</span> <span class='ocrx_word' id='word_1_115' title='bbox 214 1760 270 1823; x_wconf 90' lang='lat' dir='ltr'><strong>Vis</strong></span> <span class='ocrx_word' id='word_1_116' title='bbox 281 1767 313 1822; x_wconf 86' lang='lat' dir='ltr'><strong>te</strong></span> <span class='ocrx_word' id='word_1_117' title='bbox 327 1778 529 1842; x_wconf 89' lang='lat' dir='ltr'><strong>purpureum,</strong></span> <span class='ocrx_word' id='word_1_118' title='bbox 549 1761 672 1837; x_wconf 84' lang='lat' dir='ltr'><strong>Marce,</strong></span> <span class='ocrx_word' id='word_1_119' title='bbox 693 1765 812 1838; x_wconf 75' lang='lat' dir='ltr'><strong>sagatos</strong></span> <span class='ocrx_word' id='word_1_120' title='bbox 826 1760 964 1819; x_wconf 67' lang='lat' dir='ltr'><strong>amemi‘</strong></span> 
     </span>
    </p>

    <p class='ocr_par' dir='ltr' id='par_1_9' title="bbox 41 1841 1069 1923">
     <span class='ocr_line' id='line_1_19' title="bbox 41 1841 1069 1923; baseline -0.001 -19"><span class='ocrx_word' id='word_1_121' title='bbox 41 1890 43 1895; x_wconf 47' lang='lat'><em>2</em></span> <span class='ocrx_word' id='word_1_122' title='bbox 172 1845 215 1905; x_wconf 88' lang='lat' dir='ltr'><strong>Ut</strong></span> <span class='ocrx_word' id='word_1_123' title='bbox 227 1851 379 1923; x_wconf 84' lang='lat' dir='ltr'><strong>praestem</strong></span> <span class='ocrx_word' id='word_1_124' title='bbox 393 1841 547 1922; x_wconf 81' lang='lat' dir='ltr'><strong>Pyladen,</strong></span> <span class='ocrx_word' id='word_1_125' title='bbox 568 1841 678 1923; x_wconf 83' lang='lat' dir='ltr'><strong>aliquis</strong></span> <span class='ocrx_word' id='word_1_126' title='bbox 692 1844 767 1902; x_wconf 85' lang='lat' dir='ltr'><strong>mihi</strong></span> <span class='ocrx_word' id='word_1_127' title='bbox 779 1848 918 1922; x_wconf 86' lang='lat' dir='ltr'><strong>praestet</strong></span> <span class='ocrx_word' id='word_1_128' title='bbox 930 1842 1069 1905; x_wconf 68' lang='lat' dir='ltr'><strong>orestes</strong></span> 
     </span>
    </p>

    <p class='ocr_par' dir='ltr' id='par_1_10' title="bbox 132 1926 961 2006">
     <span class='ocr_line' id='line_1_20' title="bbox 132 1926 961 2006; baseline -0.005 -16"><span class='ocrx_word' id='word_1_129' title='bbox 132 1939 166 1990; x_wconf 88' lang='lat'><strong>10</strong></span> <span class='ocrx_word' id='word_1_130' title='bbox 212 1928 280 1988; x_wconf 88' lang='lat' dir='ltr'><strong>Hoo</strong></span> <span class='ocrx_word' id='word_1_131' title='bbox 292 1946 354 1988; x_wconf 87' lang='lat' dir='ltr'><strong>nou</strong></span> <span class='ocrx_word' id='word_1_132' title='bbox 367 1928 404 1987; x_wconf 88' lang='lat' dir='ltr'><strong>iit</strong></span> <span class='ocrx_word' id='word_1_133' title='bbox 415 1928 532 2006; x_wconf 83' lang='lat' dir='ltr'><strong>verbis,</strong></span> <span class='ocrx_word' id='word_1_134' title='bbox 553 1927 676 1987; x_wconf 85' lang='lat' dir='ltr'><strong>Marce:</strong></span> <span class='ocrx_word' id='word_1_135' title='bbox 695 1926 868 2006; x_wconf 78' lang='lat' dir='ltr'><strong>rimeris,</strong></span> <span class='ocrx_word' id='word_1_136' title='bbox 886 1945 961 1987; x_wconf 85' lang='lat' dir='ltr'><strong>ama.</strong></span> 
     </span>
    </p>
   </div>
   <div class='ocr_carea' id='block_1_5' title="bbox 571 2058 633 2121">
    <p class='ocr_par' dir='ltr' id='par_1_11' title="bbox 571 2058 633 2121">
     <span class='ocr_line' id='line_1_21' title="bbox 571 2058 633 2121; baseline 0 0"><span class='ocrx_word' id='word_1_137' title='bbox 571 2058 633 2121; x_wconf 71' lang='grc' dir='ltr'><strong>ΧΠ</strong></span> 
     </span>
    </p>
   </div>
   <div class='ocr_carea' id='block_1_6' title="bbox 64 2142 939 2338">
    <p class='ocr_par' dir='ltr' id='par_1_12' title="bbox 64 2142 939 2338">
     <span class='ocr_line' id='line_1_22' title="bbox 172 2142 809 2252; baseline 0.003 -22"><span class='ocrx_word' id='word_1_138' title='bbox 172 2173 255 2231; x_wconf 86' lang='lat' dir='ltr'><strong>iurat</strong></span> <span class='ocrx_word' id='word_1_139' title='bbox 268 2169 400 2251; x_wconf 81' lang='lat' dir='ltr'><strong>capillos</strong></span> <span class='ocrx_word' id='word_1_140' title='bbox 412 2190 498 2250; x_wconf 84' lang='lat' dir='ltr'><strong>esse,</strong></span> <span class='ocrx_word' id='word_1_141' title='bbox 519 2191 594 2252; x_wconf 84' lang='lat' dir='ltr'><strong>quoa</strong></span> <span class='ocrx_word' id='word_1_142' title='bbox 608 2171 699 2250; x_wconf 85' lang='lat' dir='ltr'><strong>emit,</strong></span> <span class='ocrx_word' id='word_1_143' title='bbox 718 2190 788 2232; x_wconf 83' lang='lat' dir='ltr'><strong>suos</strong></span> <span class='ocrx_word' id='word_1_144' title='bbox 806 2142 809 2153; x_wconf 32' lang='grc' dir='ltr'>Ι</span> 
     </span>
     <span class='ocr_line' id='line_1_23' title="bbox 64 2252 939 2338; baseline -0.002 -23"><span class='ocrx_word' id='word_1_145' title='bbox 64 2334 67 2338; x_wconf 19' lang='lat'><strong>⁴</strong></span> <span class='ocrx_word' id='word_1_146' title='bbox 172 2252 314 2315; x_wconf 83' lang='lat' dir='ltr'><strong>Fabullo:</strong></span> <span class='ocrx_word' id='word_1_147' title='bbox 336 2255 497 2335; x_wconf 86' lang='lat' dir='ltr'><strong>numquid,</strong></span> <span class='ocrx_word' id='word_1_148' title='bbox 518 2252 662 2335; x_wconf 85' lang='lat' dir='ltr'><strong>†l&#39;aule‚</strong></span> <span class='ocrx_word' id='word_1_149' title='bbox 682 2256 823 2336; x_wconf 73' lang='lat' dir='ltr'><strong>peierat?</strong></span> <span class='ocrx_word' id='word_1_150' title='bbox 935 2268 939 2275; x_wconf 85' lang='grc'>’</span> 
     </span>
    </p>
   </div>
   <div class='ocr_carea' id='block_1_7' title="bbox 523 2385 639 2452">
    <p class='ocr_par' dir='ltr' id='par_1_13' title="bbox 523 2385 639 2452">
     <span class='ocr_line' id='line_1_24' title="bbox 523 2385 639 2452; baseline 0.026 -3.053"><span class='ocrx_word' id='word_1_151' title='bbox 523 2385 639 2452; x_wconf 85' lang='lat' dir='ltr'>XIII.</span> 
     </span>
    </p>
   </div>
   <div class='ocr_carea' id='block_1_8' title="bbox 150 2463 983 3164">
    <p class='ocr_par' dir='ltr' id='par_1_14' title="bbox 150 2463 983 2996">
     <span class='ocr_line' id='line_1_25' title="bbox 173 2463 983 2581; baseline 0.001 -22"><span class='ocrx_word' id='word_1_152' title='bbox 173 2500 247 2577; x_wconf 79' lang='lat' dir='ltr'><strong>Quis</strong></span> <span class='ocrx_word' id='word_1_153' title='bbox 261 2505 293 2559; x_wconf 89' lang='lat' dir='ltr'><strong>te</strong></span> <span class='ocrx_word' id='word_1_154' title='bbox 307 2480 453 2560; x_wconf 85' lang='lat' dir='ltr'><strong>Phidiaco</strong></span> <span class='ocrx_word' id='word_1_155' title='bbox 466 2501 640 2581; x_wconf 77' lang='lat' dir='ltr'><strong>formatam,</strong></span> <span class='ocrx_word' id='word_1_156' title='bbox 660 2485 752 2579; x_wconf 78' lang='lat' dir='ltr'><strong>iulia,</strong></span> <span class='ocrx_word' id='word_1_157' title='bbox 774 2463 905 2578; x_wconf 35' lang='lat' dir='ltr'><strong>coelos</strong></span> <span class='ocrx_word' id='word_1_158' title='bbox 980 2535 983 2540; x_wconf 94' lang='lat'><em>-</em></span> 
     </span>
     <span class='ocr_line' id='line_1_26' title="bbox 213 2576 904 2666; baseline -0.004 -21"><span class='ocrx_word' id='word_1_159' title='bbox 213 2580 274 2645; x_wconf 87' lang='lat' dir='ltr'><strong>Vel</strong></span> <span class='ocrx_word' id='word_1_160' title='bbox 289 2585 356 2662; x_wconf 87' lang='lat' dir='ltr'><strong>quis</strong></span> <span class='ocrx_word' id='word_1_161' title='bbox 369 2581 526 2646; x_wconf 87' lang='lat' dir='ltr'><strong>Palladiae</strong></span> <span class='ocrx_word' id='word_1_162' title='bbox 538 2598 602 2646; x_wconf 85' lang='lat' dir='ltr'><strong>uon</strong></span> <span class='ocrx_word' id='word_1_163' title='bbox 615 2592 703 2666; x_wconf 86' lang='lat' dir='ltr'><strong>putet</strong></span> <span class='ocrx_word' id='word_1_164' title='bbox 717 2583 792 2644; x_wconf 84' lang='lat' dir='ltr'><strong>artis</strong></span> <span class='ocrx_word' id='word_1_165' title='bbox 805 2576 904 2663; x_wconf 73' lang='lat' dir='ltr'><strong>opusi</strong></span> 
     </span>
     <span class='ocr_line' id='line_1_27' title="bbox 173 2664 939 2748; baseline 0 -21"><span class='ocrx_word' id='word_1_166' title='bbox 173 2664 311 2727; x_wconf 79' lang='lat' dir='ltr'><strong>Candida</strong></span> <span class='ocrx_word' id='word_1_167' title='bbox 323 2686 386 2726; x_wconf 89' lang='lat' dir='ltr'><strong>uon</strong></span> <span class='ocrx_word' id='word_1_168' title='bbox 399 2669 491 2727; x_wconf 81' lang='lat' dir='ltr'><strong>tacita</strong></span> <span class='ocrx_word' id='word_1_169' title='bbox 504 2668 672 2748; x_wconf 77' lang='lat' dir='ltr'><strong>respondet</strong></span> <span class='ocrx_word' id='word_1_170' title='bbox 686 2668 816 2746; x_wconf 82' lang='lat' dir='ltr'><strong>isnagiue</strong></span> <span class='ocrx_word' id='word_1_171' title='bbox 829 2664 939 2745; x_wconf 79' lang='lat' dir='ltr'><strong>lygdos</strong></span> 
     </span>
     <span class='ocr_line' id='line_1_28' title="bbox 213 2748 930 2829; baseline 0 -20"><span class='ocrx_word' id='word_1_172' title='bbox 213 2750 255 2810; x_wconf 78' lang='lat' dir='ltr'><strong>ut</strong></span> <span class='ocrx_word' id='word_1_173' title='bbox 267 2748 387 2829; x_wconf 84' lang='lat' dir='ltr'><strong>placido</strong></span> <span class='ocrx_word' id='word_1_174' title='bbox 402 2749 542 2828; x_wconf 81' lang='lat' dir='ltr'><strong>fulget·</strong></span> <span class='ocrx_word' id='word_1_175' title='bbox 515 2771 597 2812; x_wconf 83' lang='lat' dir='ltr'><strong>vrvos</strong></span> <span class='ocrx_word' id='word_1_176' title='bbox 611 2754 644 2811; x_wconf 89' lang='lat' dir='ltr'><strong>iu</strong></span> <span class='ocrx_word' id='word_1_177' title='bbox 657 2769 712 2810; x_wconf 89' lang='lat' dir='ltr'><strong>ore</strong></span> <span class='ocrx_word' id='word_1_178' title='bbox 725 2749 837 2828; x_wconf 86' lang='lat' dir='ltr'><strong>liquor.</strong></span> <span class='ocrx_word' id='word_1_179' title='bbox 927 2772 930 2779; x_wconf 61' lang='lat'><strong>¹</strong></span> 
     </span>
     <span class='ocr_line' id='line_1_29' title="bbox 150 2830 960 2912; baseline -0.002 -18"><span class='ocrx_word' id='word_1_180' title='bbox 150 2830 266 2894; x_wconf 79' lang='lat' dir='ltr'><strong>oLudit</strong></span> <span class='ocrx_word' id='word_1_181' title='bbox 278 2831 434 2909; x_wconf 81' lang='lat' dir='ltr'><strong>Acidalio,¹</strong></span> <span class='ocrx_word' id='word_1_182' title='bbox 454 2832 585 2894; x_wconf 84' lang='lat' dir='ltr'><strong>sednon</strong></span> <span class='ocrx_word' id='word_1_183' title='bbox 600 2852 704 2895; x_wconf 86' lang='lat' dir='ltr'><strong>manus</strong></span> <span class='ocrx_word' id='word_1_184' title='bbox 719 2850 842 2912; x_wconf 82' lang='lat' dir='ltr'><strong>aspera,</strong></span> <span class='ocrx_word' id='word_1_185' title='bbox 862 2831 960 2909; x_wconf 88' lang='lat' dir='ltr'><strong>nodo,</strong></span> 
     </span>
     <span class='ocr_line' id='line_1_30' title="bbox 214 2913 885 3016; baseline 0.003 -42"><span class='ocrx_word' id='word_1_186' title='bbox 214 2915 311 2991; x_wconf 78' lang='lat' dir='ltr'><strong>Quem</strong></span> <span class='ocrx_word' id='word_1_187' title='bbox 324 2915 426 2994; x_wconf 78' lang='lat' dir='ltr'><strong>rapuit</strong></span> <span class='ocrx_word' id='word_1_188' title='bbox 439 2913 537 2994; x_wconf 84' lang='lat' dir='ltr'><strong>eollo,</strong></span> <span class='ocrx_word' id='word_1_189' title='bbox 558 2935 651 2996; x_wconf 87' lang='lat' dir='ltr'><strong>parve</strong></span> <span class='ocrx_word' id='word_1_190' title='bbox 665 2913 801 3016; x_wconf 80' lang='lat' dir='ltr'><strong>Cupido,</strong></span> <span class='ocrx_word' id='word_1_191' title='bbox 821 2922 885 2981; x_wconf 84' lang='lat' dir='ltr'><strong>tuo.</strong></span> 
     </span>
    </p>

    <p class='ocr_par' dir='ltr' id='par_1_15' title="bbox 166 2998 972 3164">
     <span class='ocr_line' id='line_1_31' title="bbox 166 2998 972 3085; baseline -0.001 -24.992"><span class='ocrx_word' id='word_1_192' title='bbox 166 3000 216 3085; x_wconf 88' lang='lat' dir='ltr'><strong>Ut</strong></span> <span class='ocrx_word' id='word_1_193' title='bbox 228 2998 339 3058; x_wconf 85' lang='lat' dir='ltr'><strong>Martis</strong></span> <span class='ocrx_word' id='word_1_194' title='bbox 351 3003 514 3058; x_wconf 83' lang='lat' dir='ltr'><strong>revocetur</strong></span> <span class='ocrx_word' id='word_1_195' title='bbox 528 3018 611 3060; x_wconf 89' lang='lat' dir='ltr'><strong>amor</strong></span> <span class='ocrx_word' id='word_1_196' title='bbox 625 3000 793 3078; x_wconf 85' lang='lat' dir='ltr'><strong>summique</strong></span> <span class='ocrx_word' id='word_1_197' title='bbox 808 3000 972 3077; x_wconf 83' lang='lat' dir='ltr'><strong>Tonantis,</strong></span> 
     </span>
     <span class='ocr_line' id='line_1_32' title="bbox 213 3082 848 3164; baseline 0.002 -22"><span class='ocrx_word' id='word_1_198' title='bbox 213 3082 240 3142; x_wconf 79' lang='lat' dir='ltr'>A</span> <span class='ocrx_word' id='word_1_199' title='bbox 254 3088 286 3142; x_wconf 92' lang='lat' dir='ltr'><strong>te</strong></span> <span class='ocrx_word' id='word_1_200' title='bbox 301 3083 374 3143; x_wconf 90' lang='lat' dir='ltr'><strong>luno</strong></span> <span class='ocrx_word' id='word_1_201' title='bbox 388 3087 475 3163; x_wconf 86' lang='lat' dir='ltr'><strong>petat</strong></span> <span class='ocrx_word' id='word_1_202' title='bbox 489 3089 595 3144; x_wconf 84' lang='lat' dir='ltr'><strong>ceston</strong></span> <span class='ocrx_word' id='word_1_203' title='bbox 608 3085 664 3143; x_wconf 87' lang='lat' dir='ltr'><strong>et</strong></span> <span class='ocrx_word' id='word_1_204' title='bbox 653 3103 720 3164; x_wconf 84' lang='lat' dir='ltr'><strong>rpsa</strong></span> <span class='ocrx_word' id='word_1_205' title='bbox 734 3083 848 3161; x_wconf 82' lang='lat' dir='ltr'><strong>Venus.</strong></span> 
     </span>
    </p>
   </div>
   <div class='ocr_carea' id='block_1_9' title="bbox 557 3216 636 3280">
    <p class='ocr_par' dir='ltr' id='par_1_16' title="bbox 557 3216 636 3280">
     <span class='ocr_line' id='line_1_33' title="bbox 557 3216 636 3280; baseline 0.014 -1"><span class='ocrx_word' id='word_1_206' title='bbox 557 3216 636 3280; x_wconf 82' lang='lat' dir='ltr'><strong>xlv</strong></span> 
     </span>
    </p>
   </div>
   <div class='ocr_carea' id='block_1_10' title="bbox 61 3308 889 3515">
    <p class='ocr_par' dir='ltr' id='par_1_17' title="bbox 61 3308 889 3515">
     <span class='ocr_line' id='line_1_34' title="bbox 168 3308 736 3423; baseline 0.005 -35"><span class='ocrx_word' id='word_1_207' title='bbox 168 3308 283 3390; x_wconf 74' lang='lat' dir='ltr'><strong>Versus</strong></span> <span class='ocrx_word' id='word_1_208' title='bbox 294 3330 435 3393; x_wconf 81' lang='lat' dir='ltr'><strong>seribere</strong></span> <span class='ocrx_word' id='word_1_209' title='bbox 448 3331 596 3423; x_wconf 86' lang='lat' dir='ltr'><strong>possete</strong></span> <span class='ocrx_word' id='word_1_210' title='bbox 604 3326 736 3392; x_wconf 83' lang='lat' dir='ltr'><strong>disertos</strong></span> 
     </span>
     <span class='ocr_line' id='line_1_35' title="bbox 61 3396 889 3515; baseline 0.007 -46"><span class='ocrx_word' id='word_1_211' title='bbox 61 3413 63 3417; x_wconf 86' lang='grc'><strong>’</strong></span> <span class='ocrx_word' id='word_1_212' title='bbox 145 3409 318 3503; x_wconf 66' lang='lat' dir='ltr'><strong>mamas,</strong></span> <span class='ocrx_word' id='word_1_213' title='bbox 339 3415 476 3481; x_wconf 81' lang='lat' dir='ltr'><strong>Laberi·</strong></span> <span class='ocrx_word' id='word_1_214' title='bbox 500 3396 746 3501; x_wconf 76' lang='lat' dir='ltr'><strong>quidergouou</strong></span> <span class='ocrx_word' id='word_1_215' title='bbox 755 3406 825 3476; x_wconf 58' lang='lat' dir='ltr'><strong>ris*</strong></span> <span class='ocrx_word' id='word_1_216' title='bbox 881 3509 889 3515; x_wconf 33' lang='grc'><em>“</em></span> 
     </span>
    </p>
   </div>
   <div class='ocr_carea' id='block_1_11' title="bbox 0 0 1136 3786">
    <p class='ocr_par' dir='ltr' id='par_1_18' title="bbox 0 0 1136 3786">
     <span class='ocr_line' id='line_1_36' title="bbox 0 0 1136 3786; baseline 0 0"><span class='ocrx_word' id='word_1_217' title='bbox 0 0 1136 3786; x_wconf 95' lang='lat' dir='ltr'><strong> </strong></span> 
     </span>
    </p>
   </div>
  </div>
 </body>
</html>
