2264 3786
296 165 768 273 urremuurronamsv.
978 198 1038 264 121
1095 245 1121 271 ..

99 360 213 421 Omnes
228 356 496 435 gratematicoque
510 333 718 434 rhetorasque

99 445 241 515 Deuites,
261 457 384 498 moneo:
403 436 481 503 nihil
495 439 535 497 ait
547 435 597 524 illi

76 529 176 589 50um
190 523 279 584 libris
294 523 452 582 Ciceronis
466 527 517 580 aut
532 520 679 591 Maronis,

99 605 210 675 Fumu'e
225 605 372 665 Tutilium
385 623 456 664 suae
471 602 636 683 reliuquas.

101 695 135 753 Si
150 709 256 752 versus
270 688 359 765 fucit,
381 687 503 747 abdices
517 693 654 766 poetam:

100 778 194 837 Artes
209 773 329 832 diruere
344 767 408 830 vult
425 770 620 850 pecuniosus,

99 860 162 919 Fae
178 856 274 918 diseat
288 852 480 914 citharoedus
492 858 545 915 aut
558 850 729 915 choraules.

62 954 97 1006 10
105 943 138 1001 Si
153 936 311 1020 duri'puer
325 939 429 1015 ingeni
441 935 578 1014 videtur,

102 1027 290 1087 Praeconem
304 1021 396 1083 facias
410 1018 460 1081 vel
475 1020 683 1088 architectum.

482 1152 573 1215 LVII.

86 1318 89 1323 .
104 1270 181 1331 Cum
193 1286 266 1328 voco
280 1272 312 1326 te
327 1264 495 1345 domitium,
514 1265 579 1326 noli
593 1265 667 1341 tibi,
688 1265 800 1343 thna,
821 1263 961 1346 plaeere:
993 1263 994 1266 ’

147 1353 247 1435 Saepe
263 1351 352 1411 etism
367 1368 485 1411 servum
501 1351 545 1409 aie
559 1349 693 1412 resaluto
707 1356 800 1409 tuum.

479 1482 583 1545 LVIII.
622 1510 625 1515 ·

106 1597 225 1657 creste
240 1595 403 1671 victurum,
424 1614 490 1655 erus
506 1593 606 1670 diois,
621 1594 782 1670 Postume,
802 1612 931 1674 semper.

146 1678 203 1738 Die
219 1678 294 1739 mihi
306 1697 373 1737 eras
389 1676 489 1755 istud,
509 1678 670 1753 Postume,
692 1673 813 1755 quando
827 1679 933 1741 ueniti

105 1763 199 1839 Quam
207 1758 298 1838 louge
309 1766 357 1821 est
367 1780 435 1820 eras
444 1758 549 1820 istud?
559 1761 612 1821 ubi
622 1759 692 1819 esti
704 1758 844 1819 rutundo
854 1752 1041 1839 petendum?

146 1842 296 1920 Numquid
310 1843 389 1923 apud
403 1844 534 1904 Parthos
547 1843 768 1920 Armeniosque
781 1840 882 1902 latet?

84 1930 166 1989 filum
182 1945 247 1986 oros
260 1925 342 1986 istud
355 1927 448 1987 babet
462 1927 574 1986 Priami
586 1923 637 1986 vel
648 1925 790 1987 Nestoris
806 1945 909 1991 annos.

148 2011 224 2070 (iras
239 2009 320 2070 istud
333 2011 453 2088 quanti,
474 2008 524 2069 dio
538 2010 627 2085 mihi,
648 2009 747 2086 possit
759 2009 840 2068 emii
884 2012 886 2017 ’

107 2095 183 2154 Cras
197 2093 291 2151 vives:
312 2092 403 2152 hodie
417 2095 477 2153 iam
490 2093 609 2169 viuere,
630 2092 791 2168 Postume,
812 2091 931 2153 tardum
945 2101 1007 2154 est:

149 2175 207 2236 Ille
221 2176 313 2255 sapit,
335 2176 487 2256 quisquis,
507 2176 667 2254 Postume,
685 2176 760 2236 vixit
772 2175 851 2237 beri.
966 2248 969 2255 Ι

479 2288 569 2384 nur.

110 2433 198 2513 Quod
212 2453 274 2495 nou
288 2441 456 2512 argentum,
477 2433 560 2513 quod
573 2453 635 2494 nou
648 2434 706 2492 tibi
719 2432 864 2491 mittimus
879 2449 1000 2508 aurum,

150 2519 218 2578 Hoc
229 2517 350 2578 facinus
364 2538 468 2595 eausa,
488 2516 586 2577 Stella
601 2516 735 2591 diserte,
754 2521 816 2577 tua.

110 2601 253 2680 Quisquis
267 2600 482 2679 mugnudedit,
504 2598 600 2659 voluit
613 2599 791 2676 ribi'magnu
803 2596 935 2670 remitti3

151 2683 312 2745 Fictilibus
318 2684 433 2744 nostris
447 2687 628 2742 exoneratus
642 2681 714 2743 eris.

501 2812 564 2875 ux.
654 2888 658 2893 .

112 2929 250 2991 Allatrea
264 2928 332 2989 lieet
345 2950 441 3009 usque
454 2950 510 2991 nos
527 2935 559 2988 et
570 2947 667 3007 usque

111 3016 155 3075 Et
169 3014 334 3092 gannitibus
346 3014 493 3093 improbis
505 3012 651 3089 lacessas,

113 3099 241 3157 Certum
255 3101 303 3156 est
316 3097 386 3156 lane
399 3098 456 3156 tibi
471 3112 641 3175 pernegare
656 3095 779 3169 famam,

114 3180 196 3240 tllim
212 3199 300 3259 quam
312 3182 385 3259 petis
398 3180 432 3239 iu
447 3181 523 3239 meis
535 3177 651 3238 libellis

93 3262 459 3342 bQualiseuuquelegaris
472 3269 506 3322 ut
519 3280 575 3340 per
590 3261 704 3327 orbem.

115 3348 193 3406 Num
205 3352 239 3405 te
253 3364 306 3405 eur
324 3346 423 3424 aliquis
437 3347 513 3405 reiut
526 3342 642 3405 iuisae‘l

107 3431 234 3503 Ignotus
242 3446 363 3509 perere,
385 3431 500 3513 miser,
521 3448 657 3494 neeesse
672 3433 736 3491 est.
864 3481 873 3499 ,
