2264 3786
236 195 243 213 ·
274 183 608 283 ιιιιιιιιιιιιιοιι
621 148 693 251 ιιι.
709 189 759 253 ιι.
966 190 1026 255 ιιι

90 339 207 400 Versus
221 338 358 397 scribere
374 339 426 417 qui
440 344 544 418 potest
557 337 706 417 disertos,

91 421 288 498 Consoribat,
308 420 435 481 Laberi:
457 424 554 482 virum
567 424 689 502 putabo.

487 569 554 632 XV.

89 682 168 743 llum
182 682 394 743 Phaethontea
401 683 535 745 formica
546 685 694 763 vagatur'
684 703 717 744 ιι
730 686 852 764 umbra,

131 763 283 846 Inplicuit
299 771 423 825 tenuem
437 766 540 826 sucina
553 774 638 845 gutta
651 767 756 828 feram.

91 849 142 909 Sic
154 847 243 908 modo
259 866 335 927 qnae
350 849 452 909 inerat
466 851 527 909 vita
541 856 714 930 contempta
728 858 885 929 manente,

131 933 303 992 Funeribus
316 932 397 991 facta
414 939 461 992 est
476 952 556 992 nnnc
569 935 706 1012 pretiosa
717 936 788 996 suis.

480 1095 560 1159 XVl.

93 1205 141 1266 Τιι
158 1207 210 1285 qui
224 1225 305 1287 pene
319 1198 401 1267 'viros
414 1213 516 1266 terres
531 1213 563 1266 ct
574 1205 656 1267 falce
670 1207 829 1284 cinaedos,

131 1289 237 1367 iugera
251 1291 378 1370 sepositi
390 1309 485 1370 pauca
498 1296 586 1349 tuere
600 1288 668 1351 soli.

93 1372 144 1432 sic
159 1379 210 1432 tna
223 1392 286 1432 non
299 1375 416 1432 intrent
429 1370 525 1433 vetuli
537 1374 672 1453 pomeria
688 1374 790 1451 iures,
864 1416 867 1425 ,

133 1454 196 1518 sed
208 1474 286 1538 puer
300 1461 332 1518 ct
344 1453 445 1537 longis
458 1453 587 1536 pulchra
600 1454 702 1537 puella
716 1457 817 1516 comis.

475 1604 567 1666 xvii.

94 1715 237 1794 Cinnam,
259 1715 422 1794 cinnama,
442 1722 475 1775 te
490 1717 578 1776 iubes
591 1717 700 1775 vocari.

90 1799 158 1858 Non
173 1805 220 1858 est
233 1799 300 1873 hic,
320 1817 412 1876 rogo,
434 1800 547 1875 Cinna,
569 1798 794 1858 barbarismus!

92 1882 141 1941 Τιι
157 1884 183 1942 si
197 1882 308 1942 Furius
325 1888 395 1941 ante
413 1880 514 1940 dictu·
528 1899 627 1959 esses,

90 1966 155 2025 Fur
170 1968 229 2025 ista
243 1967 361 2024 ratione
380 1964 538 2024 dicereris.

458 2126 572 2190 XVIII.

92 2232 204 2319 Sancta
218 2234 356 2297 Salonini
370 2240 464 2300 terris
478 2241 645 2317 requiescit
657 2239 783 2316 Ηιιιιιιι

133 2302 199 2396 Qua
212 2319 322 2380 melior
338 2321 458 2400 Stygias
472 2342 534 2382 non
551 2323 635 2382 videt
647 2311 754 2382 umbra
769 2321 882 2380 domos.

92 2403 154 2464 Sed
167 2402 275 2482 lugere
289 2405 390 2464 nefas:
412 2407 545 2482 namqui
559 2412 610 2481 te,
630 2407 754 2482 Prisce,
774 2402 917 2488 reliquit,

90 2489 216 2552 Vivit
230 2507 288 2566 qun
301 2486 397 2548 voluit
412 2491 515 2547 vivere
531 2496 620 2568 parte
631 2489 736 2592 magist

485 2633 564 2693 xix.

92 2748 160 2808 Non
180 2746 264 2807 <le
236 2767 266 2807 ιι
279 2766 380 2827 neque
395 2745 505 2824 caede,
526 2764 584 2806 nec
599 2765 734 2826 veneno,

90 2831 153 2890 Sed
168 2830 208 2891 lis
226 2836 274 2890 est
288 2833 363 2891 mihi
378 2831 417 2890 de
431 2833 530 2891 tribus
545 2828 682 2910 capellis.

89 2915 193 2975 Vicini
212 2933 325 2993 queror
339 2915 393 2975 has
409 2917 516 2974 abesse
531 2915 623 2975 insto.

89 2999 158 3057 Hoc
174 2998 265 3058 iudex
280 3000 338 3058 sihi
349 2998 640 3078 postulat-probari.
754 3044 759 3053 ,
774 3012 780 3023 “

38 3092 40 3096 ’
70 3083 143 3142 5Tn
161 3083 279 3142 Cannas
293 3081 597 3159 Mithridaticumque
611 3078 727 3141 bellum

89 3167 131 3226 iit
144 3167 279 3244 periuria
292 3166 399 3224 Punici
415 3166 529 3224 furoris

89 3251 131 3310 Et
146 3247 244 3308 Sullas
259 3248 436 3328 Mariosque
452 3248 633 3325 Muciosque

90 3333 202 3411 Magna
216 3350 291 3392 voce
305 3351 394 3392 sonas
408 3348 560 3480 manuqsse
573 3337 649 3390 tcta.

85 3416 147 3474 lam
162 3415 225 3494 dic,
247 3416 412 3500 Postume,
429 3418 468 3481 de
484 3425 517 3481 ιι
550 3437 590 3480 us
607 3411 755 3500 capellis.
819 3488 874 3552 ῳ
