2264 3786
88 210 149 274 156
410 210 454 273 M.
469 210 560 275 VAL
576 210 800 280 MARTIALIS

168 337 279 423 Infanti
293 359 451 423 melimela
465 362 536 423 dato
549 365 710 443 fatuasque
723 365 883 424 mariscas:

209 445 285 505 Nam
300 448 394 526 mihi,
416 465 494 525 quae
508 450 593 507 novit
606 466 763 527 pungere,
785 448 863 507 chia
876 450 967 528 sapit.

548 580 656 643 xxvi.

165 688 378 769 Apollinarem
393 692 523 752 conveni
534 709 651 767 meum,
672 689 807 769 Scauon,

164 774 207 832 Et
220 775 246 833 si
259 775 395 851 vacabit,
417 793 457 834 ne
474 773 623 834 molestus
639 773 783 851 accedas,

166 857 235 916 Hoc
248 855 479 936 qualecunque,
502 860 587 917 cuius
601 855 703 935 eliqua
717 877 788 936 pars
800 858 868 938 ipse
881 865 947 937 est,

41 998 43 1004 ,
166 940 273 1000 Dabis:
294 940 355 999 boc
369 941 489 1000 facetae
504 959 627 999 carmen
640 941 778 1001 imbuant
792 961 890 1005 aures.
977 946 982 965 ¹

168 1024 202 1083 Si
216 1029 248 1083 te
266 1027 427 1101 receptum
443 1024 550 1082 fronte
564 1022 679 1082 videris
692 1029 774 1102 tota,

166 1107 246 1166 Noto
261 1107 384 1184 rogabis
399 1114 435 1166 ut
448 1105 555 1166 favore
567 1111 729 1168 sustentet.

168 1191 287 1266 Quanto
303 1206 456 1267 metrum,
477 1191 554 1268 scis,
576 1207 681 1249 amore
695 1208 842 1268 nugarum

165 1272 306 1351 Flagreta
327 1290 386 1332 nec
399 1274 469 1353 ipse
482 1271 553 1353 plns
567 1292 669 1333 amare
683 1278 716 1333 te
731 1293 862 1353 possum.

98 1350 104 1363 '
167 1357 282 1416 Contra
296 1355 445 1434 malignos
463 1374 532 1416 esre
547 1358 573 1417 si
587 1356 674 1417 voles
687 1364 787 1435 tutus,
815 1384 823 1399 ι

126 1452 160 1501 io
166 1440 375 1522 Apollinarem
388 1444 519 1501 conveni
533 1459 649 1518 meum,
671 1440 796 1506 Scazon.

540 1588 662 1651 XXVII.

169 1700 288 1762 Tuscae
305 1701 424 1804 glandia
440 1721 515 1783 aper
528 1703 692 1784 populator
708 1709 740 1762 et
753 1702 825 1763 ilice
838 1703 932 1764 multa

209 1785 389 1876 Impiger,
412 1785 542 1847 Aetolae
556 1788 637 1846 fam'a
658 1786 792 1846 secunda
805 1774 909 1866 ferae,

168 1867 265 1945 Quem
279 1889 364 1930 meus
378 1872 504 1931 Intravit
517 1870 694 1951 splendenti
708 1869 835 1949 cuspide
849 1871 982 1950 Dexter,

209 1952 327 2012 Praeda
342 1955 423 2013 iacet
437 1956 551 2013 nostris
567 1952 714 2012 invidiosa
728 1952 815 2016 focis.

147 2035 374 2112 5Piuguescant
387 2035 500 2095 madidi
513 2035 597 2096 laeto
611 2035 722 2095 nidore
736 2043 877 2115 penates,

81 2182 87 2195 Ι
209 2118 336 2197 Flagret
350 2126 383 2178 et
399 2119 501 2178 exciso
518 2120 598 2179 festu
616 2117 716 2178 culina
730 2120 809 2198 iugo.

70 2194 73 2201 ’
169 2201 232 2261 Sed
246 2219 337 2260 cocus
351 2202 509 2280 Ingentem
525 2205 642 2283 piperis
658 2210 817 2263 consumet
832 2220 973 2264 acervum

210 2283 314 2344 Addet
326 2291 359 2345 et
374 2304 485 2345 arcano
499 2290 592 2347 mInts
604 2286 736 2346 Falerna
751 2306 833 2365 garo.

170 2367 218 2428 Ad
233 2367 387 2428 domiuum
403 2367 530 2449 redeas,
552 2377 658 2430 noster
672 2376 704 2430 te
718 2389 781 2430 non
795 2371 877 2450 capit
892 2371 991 2449 ignis,

128 2462 163 2512 10
210 2453 418 2514 Conturbator
433 2472 522 2534 aper:
543 2452 634 2516 vilius
649 2456 761 2527 esurio.

533 2589 667 2651 XXVIII.

169 2699 221 2758 Sic
237 2698 419 2759 Tiburtiuae
434 2707 554 2760 crescat
567 2702 624 2761 tibi
638 2700 713 2761 sllva
726 2703 841 2761 Dianae

209 2781 251 2839 Et
264 2789 413 2861 properet
427 2802 546 2843 caesum
561 2803 654 2863 saepe
667 2784 773 2844 redIre
786 2802 909 2860 nemus,

168 2863 233 2923 Neo
250 2865 452 2925 'l'artessiacis
465 2867 564 2927 Pallas
578 2872 647 2944 tua,
668 2869 787 2944 Fusae,
806 2868 937 2947 trapetis

211 2947 310 3008 Cedat
324 2954 357 3009 et
369 2950 523 3009 immodici
538 2951 613 3010 dent
629 2952 708 3009 bona
720 2956 819 3008 musta
832 2950 935 3024 lacus;

149 3031 223 3092 bsic
236 3032 305 3092 fora
317 3034 485 3110 mirentur,
507 3035 551 3093 sic
565 3040 598 3091 te
612 3032 724 3112 palatia
738 3031 866 3092 laudent
891 3042 894 3059 ¹

44 3110 49 3117 ’
212 3114 339 3176 Excolat
353 3122 386 3175 et
398 3118 531 3194 geminas
546 3114 679 3194 plurima
691 3115 792 3195 palma
807 3117 908 3176 iores:
923 3146 926 3151 ·

170 3200 240 3259 0tia
255 3198 325 3259 dum
339 3200 457 3259 medius
469 3204 606 3279 praestat
619 3200 678 3259 tibi
694 3218 786 3278 parva
803 3201 990 3276 December,

210 3282 323 3362 Exige,
344 3282 400 3343 sed
414 3290 514 3359 certa,
537 3300 612 3360 quos
625 3281 720 3360 lepte,
741 3301 813 3342 aure
828 3286 921 3343 iocos.

170 3364 279 3442 „Scire
293 3365 372 3427 libet
386 3365 513 3427 verum?
533 3383 585 3424 res
599 3373 648 3425 est
661 3367 739 3426 baec
755 3366 881 3426 ardua.“
913 3365 975 3426 Sed
990 3372 1024 3424 tu
1040 3402 1043 3407 -

128 3458 161 3510 15
210 3447 299 3525 Quod
315 3450 371 3510 tibi
385 3450 430 3510 vis
444 3447 521 3528 diei,
542 3447 665 3530 ditere,
683 3450 809 3535 Fusae„
820 3457 919 3530 potes.
