2264 3786
91 158 152 264 ooo
407 201 452 263 m.
466 200 556 271 vm.
571 199 795 264 monimus

174 355 253 428 Quas
269 359 460 411 oumeoneta
474 370 507 411 es
528 350 650 430 dextre,
672 359 779 412 coneto
794 353 919 412 sinistro

215 435 359 511 Vellere,
382 455 448 495 cum
461 433 595 496 lacrimis
610 437 716 495 eximis
731 443 764 496 et
778 437 905 514 gemitu.
948 444 963 482 ἲ

153 519 225 580 osio
240 520 489 597 constringuntur
503 520 622 596 gemine
638 517 840 598 Symplegade
856 520 920 581 ouli

215 603 255 661 Et
269 603 390 681 Minyas
403 603 519 674 intrent
535 603 733 681 Cyaneasque
746 609 844 663 notes.

173 684 346 745 Emendare
361 687 445 765 cupis
460 687 565 746 vitium
581 684 742 745 deforme?
764 676 900 747 dooe'bo:

214 771 340 846 Lesbia,
361 787 419 830 nee
432 789 537 853 surges
552 787 680 845 censeo,
701 787 759 829 nee
777 767 897 831 redeas.

587 903 621 962 0.

172 1015 296 1074 Habere
311 1013 435 1073 emicem
449 1010 537 1088 nolo,
556 1010 683 1089 Fleeee,
705 1006 864 1090 subtilem,

173 1099 266 1158 Cuius
279 1095 413 1155 lacertos
430 1093 512 1154 anuli
529 1095 590 1154 mei
604 1095 742 1173 cingant,

172 1182 256 1256 Quae
271 1179 361 1239 clune
375 1177 457 1238 nudo
471 1175 560 1238 radat
573 1184 606 1237 et
620 1196 700 1256 genu
712 1183 844 1258 pungat,

174 1265 231 1324 Cui
246 1282 332 1323 serre
344 1260 473 1339 lumbis,
495 1262 596 1342 cuspis
611 1262 724 1321 emicet
738 1260 817 1321 culo.

112 1381 117 1393 ·
173 1346 236 1407 Sed
248 1346 331 1407 idem
347 1346 471 1406 amioum
485 1344 558 1405 nolo
571 1344 655 1405 mille
669 1343 827 1407 librarum.

173 1431 336 1491 Carnarius
350 1448 430 1508 sum,
450 1429 639 1510 pinguiarius
652 1447 714 1488 non
729 1447 804 1489 eum.

586 1561 633 1623 ci.

174 1662 293 1723 Thaida
307 1667 368 1722 tem
384 1668 508 1722 tenuem
521 1663 664 1743 potuisti,
685 1660 811 1741 Floooe,
832 1660 966 1725 videre‘.²

215 1746 280 1823 Tu,
299 1752 391 1840 puto,
415 1745 498 1824 quorl
510 1766 572 1806 non
586 1753 650 1826 eet,
669 1745 800 1825 Flecte,
821 1740 1051 1831 oidere'poter.

573 1879 635 1942 cll.
709 1889 712 1894 ’

172 1980 240 2039 Non
255 1984 303 2038 est
316 1980 480 2057 mentitus,
502 1981 554 2057 qui
568 1985 600 2039 te
615 1979 690 2039 mihi
705 1978 781 2039 dixit
796 1979 915 2041 hebere

213 2064 390 2122 Formosam
407 2080 546 2139 earnem,
565 2062 678 2141 Lydio,
699 2082 760 2123 non
773 2063 893 2124 faciem.

171 2148 228 2206 Est
241 2147 301 2222 ito,
324 2146 350 2204 si
364 2151 465 2204 taceas
479 2151 512 2205 et
526 2147 552 2205 oi
566 2150 629 2204 tam
642 2151 725 2205 mute
738 2147 915 2226 recumbes,

214 2230 310 2304 Quam
324 2228 396 2288 silet
409 2229 441 2287 in
456 2246 527 2292 cere
540 2226 641 2288 voltus
657 2235 689 2288 et
703 2230 735 2288 in
750 2228 861 2291 tabula.

151 2312 236 2373 esed
253 2313 393 2391 quotiens
407 2310 560 2390 loqueris,
583 2311 705 2372 vernem
721 2332 858 2392 quoque,
871 2311 994 2396 Lydia,
1009 2313 1077 2398 peri

213 2398 255 2456 iit
269 2417 321 2457 rue
334 2395 403 2476 plus
420 2395 515 2477 nulli,
539 2414 627 2475 quam
640 2397 713 2474 tibi,
734 2395 838 2475 lingue
854 2405 960 2458 noeet.

172 2481 284 2541 Audiet
299 2479 407 2540 aedilis
420 2498 460 2540 ne
475 2487 507 2540 te
521 2480 684 2558 videatque
699 2486 819 2541 caveto:

212 2565 393 2648 Portentum
408 2570 472 2643 est,
494 2565 636 2644 quotiens
650 2564 754 2644 eoepit
765 2565 863 2644 imago
877 2562 980 2645 loqui.

491 2730 496 2741 «
567 2697 641 2758 0111.

176 2795 276 2854 'lenta
289 2786 347 2854 tibi
363 2802 412 2855 ert
425 2797 516 2857 animi
529 2797 667 2876 probitas
682 2796 824 2875 orisque,
845 2793 990 2876 Safroni,

214 2878 257 2938 Ut
270 2879 365 2938 mirer
378 2879 449 2937 fieri
464 2885 496 2938 te
510 2880 647 2959 potuisse
660 2883 789 2960 petrem.

566 3012 645 3075 CIV.

172 3108 272 3186 Uxor,
292 3106 369 3168 vade
385 3107 485 3186 foros,
506 3115 558 3168 eut
571 3112 707 3171 moribus
720 3112 811 3172 utere
823 3100 959 3172 nostris:

216 3191 284 3252 Non
299 3212 364 3252 oum
380 3211 436 3271 ego
451 3211 508 3253 nee
524 3193 651 3273 Curios,
671 3214 729 3254 nec
743 3196 854 3269 Numa,
876 3212 938 3254 nee
954 3196 1074 3258 Tatius.

166 3275 225 3336 Me
239 3275 371 3337 iucundo
384 3279 487 3338 iuvant
500 3283 617 3337 tractae
633 3296 691 3357 per
704 3276 815 3358 poeula
828 3284 956 3338 noctes:

205 3361 257 3424 'l'o
268 3380 428 3448 properas
441 3369 518 3448 poto
530 3378 661 3442 turgere
673 3363 775 3422 triotie
786 3374 875 3436 eote.

124 3445 205 3508 5Tu
227 3453 379 3515 tenebris
396 3450 536 3535 gautlet:
555 3439 980 3513 melolereteoteloeerm
