<?xml version="1.0" encoding="UTF-8"?>
<!DOCTYPE html PUBLIC "-//W3C//DTD XHTML 1.0 Transitional//EN"
    "http://www.w3.org/TR/xhtml1/DTD/xhtml1-transitional.dtd">
<html xmlns="http://www.w3.org/1999/xhtml" xml:lang="en" lang="en">
 <head>
  <title>
</title>
<meta http-equiv="Content-Type" content="text/html;charset=utf-8" />
  <meta name='ocr-system' content='tesseract 3.04.00' />
  <meta name='ocr-capabilities' content='ocr_page ocr_carea ocr_par ocr_line ocrx_word'/>
</head>
<body>
  <div class='ocr_page' id='page_1' title='image "./epigrammatonlib00martgoog_0311.png"; bbox 0 0 2264 3786; ppageno 0'>
   <div class='ocr_carea' id='block_1_1' title="bbox 99 225 805 290">
    <p class='ocr_par' dir='ltr' id='par_1_1' title="bbox 99 225 805 290">
     <span class='ocr_line' id='line_1_1' title="bbox 99 225 805 290; baseline -0.006 0"><span class='ocrx_word' id='word_1_1' title='bbox 99 227 161 290; x_wconf 77' lang='lat'>290</span> <span class='ocrx_word' id='word_1_2' title='bbox 412 227 456 288; x_wconf 90' lang='lat' dir='ltr'>M.</span> <span class='ocrx_word' id='word_1_3' title='bbox 472 226 565 289; x_wconf 80' lang='lat' dir='ltr'><strong>VAL.</strong></span> <span class='ocrx_word' id='word_1_4' title='bbox 581 225 805 287; x_wconf 69' lang='lat' dir='ltr'>mansistis</span> 
     </span>
    </p>
   </div>
   <div class='ocr_carea' id='block_1_2' title="bbox 89 376 1088 1041">
    <p class='ocr_par' dir='ltr' id='par_1_2' title="bbox 89 376 1088 1041">
     <span class='ocr_line' id='line_1_2' title="bbox 141 376 954 458; baseline -0.001 -17"><span class='ocrx_word' id='word_1_5' title='bbox 141 379 320 455; x_wconf 73' lang='lat' dir='ltr'>thuamvia</span> <span class='ocrx_word' id='word_1_6' title='bbox 334 397 396 438; x_wconf 91' lang='lat' dir='ltr'>non</span> <span class='ocrx_word' id='word_1_7' title='bbox 410 377 529 438; x_wconf 92' lang='lat' dir='ltr'>modico</span> <span class='ocrx_word' id='word_1_8' title='bbox 545 376 666 439; x_wconf 87' lang='lat' dir='ltr'>caleant</span> <span class='ocrx_word' id='word_1_9' title='bbox 679 376 851 458; x_wconf 87' lang='lat' dir='ltr'>spectacula</span> <span class='ocrx_word' id='word_1_10' title='bbox 865 377 954 458; x_wconf 90' lang='lat' dir='ltr'>sole,</span> 
     </span>
     <span class='ocr_line' id='line_1_3' title="bbox 223 460 945 540; baseline 0.001 -16"><span class='ocrx_word' id='word_1_11' title='bbox 223 461 303 525; x_wconf 87' lang='lat' dir='ltr'>Vela</span> <span class='ocrx_word' id='word_1_12' title='bbox 315 460 520 540; x_wconf 88' lang='lat' dir='ltr'>reducuntur,</span> <span class='ocrx_word' id='word_1_13' title='bbox 542 481 610 520; x_wconf 90' lang='lat' dir='ltr'>cum</span> <span class='ocrx_word' id='word_1_14' title='bbox 622 465 706 523; x_wconf 86' lang='lat' dir='ltr'>venit</span> <span class='ocrx_word' id='word_1_15' title='bbox 719 463 945 539; x_wconf 81' lang='lat' dir='ltr'><strong>Hermogenes.</strong></span> 
     </span>
     <span class='ocr_line' id='line_1_4' title="bbox 181 545 978 625; baseline 0.001 -19"><span class='ocrx_word' id='word_1_16' title='bbox 181 547 341 606; x_wconf 78' lang='lat' dir='ltr'><strong>Festinant</strong></span> <span class='ocrx_word' id='word_1_17' title='bbox 356 545 471 625; x_wconf 84' lang='lat' dir='ltr'>trepidi</span> <span class='ocrx_word' id='word_1_18' title='bbox 486 546 695 624; x_wconf 77' lang='lat' dir='ltr'>substringere</span> <span class='ocrx_word' id='word_1_19' title='bbox 711 547 834 607; x_wconf 74' lang='lat' dir='ltr'>carbasa</span> <span class='ocrx_word' id='word_1_20' title='bbox 846 552 978 624; x_wconf 86' lang='lat' dir='ltr'>nautae,</span> 
     </span>
     <span class='ocr_line' id='line_1_5' title="bbox 223 629 916 708; baseline 0.001 -19"><span class='ocrx_word' id='word_1_21' title='bbox 223 629 271 689; x_wconf 87' lang='lat' dir='ltr'>Ad</span> <span class='ocrx_word' id='word_1_22' title='bbox 286 636 407 708; x_wconf 88' lang='lat' dir='ltr'>portum</span> <span class='ocrx_word' id='word_1_23' title='bbox 423 631 564 705; x_wconf 88' lang='lat' dir='ltr'>quotiens</span> <span class='ocrx_word' id='word_1_24' title='bbox 577 630 679 708; x_wconf 89' lang='lat' dir='ltr'>paruit</span> <span class='ocrx_word' id='word_1_25' title='bbox 692 630 916 707; x_wconf 87' lang='lat' dir='ltr'>Hermogenes.</span> 
     </span>
     <span class='ocr_line' id='line_1_6' title="bbox 180 711 858 791; baseline -0.003 -18"><span class='ocrx_word' id='word_1_26' title='bbox 180 713 318 791; x_wconf 80' lang='lat' dir='ltr'>Linigeri</span> <span class='ocrx_word' id='word_1_27' title='bbox 331 713 452 790; x_wconf 84' lang='lat' dir='ltr'>lugiunt</span> <span class='ocrx_word' id='word_1_28' title='bbox 467 711 542 770; x_wconf 89' lang='lat' dir='ltr'>calvi</span> <span class='ocrx_word' id='word_1_29' title='bbox 556 713 738 791; x_wconf 75' lang='lat' dir='ltr'>sistrataque</span> <span class='ocrx_word' id='word_1_30' title='bbox 751 712 858 788; x_wconf 88' lang='lat' dir='ltr'>turba,</span> 
     </span>
     <span class='ocr_line' id='line_1_7' title="bbox 139 795 897 873; baseline -0.003 -15"><span class='ocrx_word' id='word_1_31' title='bbox 139 806 173 858; x_wconf 76' lang='lat'>20</span> <span class='ocrx_word' id='word_1_32' title='bbox 192 817 194 822; x_wconf 73' lang='grc'>’</span> <span class='ocrx_word' id='word_1_33' title='bbox 220 797 304 855; x_wconf 86' lang='lat' dir='ltr'>later</span> <span class='ocrx_word' id='word_1_34' title='bbox 317 795 480 855; x_wconf 88' lang='lat' dir='ltr'>adorantes</span> <span class='ocrx_word' id='word_1_35' title='bbox 494 814 561 853; x_wconf 91' lang='lat' dir='ltr'>cum</span> <span class='ocrx_word' id='word_1_36' title='bbox 576 798 663 854; x_wconf 82' lang='lat' dir='ltr'>stetit</span> <span class='ocrx_word' id='word_1_37' title='bbox 677 797 897 873; x_wconf 83' lang='lat' dir='ltr'>Hermogenes.</span> 
     </span>
     <span class='ocr_line' id='line_1_8' title="bbox 180 877 1088 960; baseline 0.001 -21"><span class='ocrx_word' id='word_1_38' title='bbox 180 879 228 939; x_wconf 90' lang='lat' dir='ltr'>Ad</span> <span class='ocrx_word' id='word_1_39' title='bbox 243 898 348 939; x_wconf 90' lang='lat' dir='ltr'>cenam</span> <span class='ocrx_word' id='word_1_40' title='bbox 362 879 574 957; x_wconf 80' lang='lat' dir='ltr'>Hermogenes</span> <span class='ocrx_word' id='word_1_41' title='bbox 588 899 726 958; x_wconf 82' lang='lat' dir='ltr'><strong>mappam</strong></span> <span class='ocrx_word' id='word_1_42' title='bbox 740 897 802 938; x_wconf 90' lang='lat' dir='ltr'>non</span> <span class='ocrx_word' id='word_1_43' title='bbox 820 877 924 940; x_wconf 86' lang='lat' dir='ltr'>attulit</span> <span class='ocrx_word' id='word_1_44' title='bbox 940 899 1088 960; x_wconf 89' lang='lat' dir='ltr'>unquam,</span> 
     </span>
     <span class='ocr_line' id='line_1_9' title="bbox 89 958 845 1041; baseline 0.004 -20"><span class='ocrx_word' id='word_1_45' title='bbox 89 958 93 967; x_wconf 84' lang='grc'><strong>“</strong></span> <span class='ocrx_word' id='word_1_46' title='bbox 180 990 183 996; x_wconf 33' lang='lat' dir='ltr'>v</span> <span class='ocrx_word' id='word_1_47' title='bbox 222 963 249 1021; x_wconf 89' lang='lat' dir='ltr'>A</span> <span class='ocrx_word' id='word_1_48' title='bbox 264 980 340 1022; x_wconf 86' lang='lat' dir='ltr'>cena</span> <span class='ocrx_word' id='word_1_49' title='bbox 353 980 475 1041; x_wconf 84' lang='lat' dir='ltr'>semper</span> <span class='ocrx_word' id='word_1_50' title='bbox 488 959 612 1021; x_wconf 87' lang='lat' dir='ltr'>rettulit</span> <span class='ocrx_word' id='word_1_51' title='bbox 623 963 845 1041; x_wconf 86' lang='lat' dir='ltr'>Hermogenes.</span> 
     </span>
    </p>
   </div>
   <div class='ocr_carea' id='block_1_3' title="bbox 453 1123 659 1184">
    <p class='ocr_par' dir='ltr' id='par_1_3' title="bbox 453 1123 659 1184">
     <span class='ocr_line' id='line_1_10' title="bbox 453 1123 659 1184; baseline 0.01 -2"><span class='ocrx_word' id='word_1_52' title='bbox 453 1141 457 1149; x_wconf 87' lang='lat'>·</span> <span class='ocrx_word' id='word_1_53' title='bbox 566 1123 659 1184; x_wconf 88' lang='lat' dir='ltr'>XXX.</span> 
     </span>
    </p>
   </div>
   <div class='ocr_carea' id='block_1_4' title="bbox 181 1238 857 1401">
    <p class='ocr_par' dir='ltr' id='par_1_4' title="bbox 181 1238 857 1401">
     <span class='ocr_line' id='line_1_11' title="bbox 182 1238 857 1321; baseline 0.001 -23"><span class='ocrx_word' id='word_1_54' title='bbox 182 1239 303 1316; x_wconf 84' lang='lat' dir='ltr'>Siccus,</span> <span class='ocrx_word' id='word_1_55' title='bbox 325 1239 444 1299; x_wconf 86' lang='lat' dir='ltr'>sobrius</span> <span class='ocrx_word' id='word_1_56' title='bbox 460 1242 508 1298; x_wconf 88' lang='lat' dir='ltr'>est</span> <span class='ocrx_word' id='word_1_57' title='bbox 522 1240 623 1321; x_wconf 83' lang='lat' dir='ltr'>Aper3</span> <span class='ocrx_word' id='word_1_58' title='bbox 645 1238 771 1318; x_wconf 78' lang='lat' dir='ltr'>quidsd</span> <span class='ocrx_word' id='word_1_59' title='bbox 786 1241 857 1299; x_wconf 72' lang='lat' dir='ltr'>me?</span> 
     </span>
     <span class='ocr_line' id='line_1_12' title="bbox 181 1321 791 1401; baseline 0.005 -20"><span class='ocrx_word' id='word_1_60' title='bbox 181 1323 307 1382; x_wconf 83' lang='lat' dir='ltr'>Servum</span> <span class='ocrx_word' id='word_1_61' title='bbox 320 1323 363 1381; x_wconf 90' lang='lat' dir='ltr'>sic</span> <span class='ocrx_word' id='word_1_62' title='bbox 378 1339 435 1401; x_wconf 86' lang='lat' dir='ltr'>ego</span> <span class='ocrx_word' id='word_1_63' title='bbox 451 1321 559 1401; x_wconf 81' lang='lat' dir='ltr'>lando,</span> <span class='ocrx_word' id='word_1_64' title='bbox 580 1343 642 1382; x_wconf 90' lang='lat' dir='ltr'>non</span> <span class='ocrx_word' id='word_1_65' title='bbox 657 1325 791 1384; x_wconf 86' lang='lat' dir='ltr'>amicam.</span> 
     </span>
    </p>
   </div>
   <div class='ocr_carea' id='block_1_5' title="bbox 555 1470 662 1533">
    <p class='ocr_par' dir='ltr' id='par_1_5' title="bbox 555 1470 662 1533">
     <span class='ocr_line' id='line_1_13' title="bbox 555 1470 662 1533; baseline 0.037 -4"><span class='ocrx_word' id='word_1_66' title='bbox 555 1470 662 1533; x_wconf 87' lang='lat' dir='ltr'>XXXI.</span> 
     </span>
    </p>
   </div>
   <div class='ocr_carea' id='block_1_6' title="bbox 180 1580 1042 1911">
    <p class='ocr_par' dir='ltr' id='par_1_6' title="bbox 181 1580 1042 1746">
     <span class='ocr_line' id='line_1_14' title="bbox 181 1580 1042 1666; baseline 0.007 -26"><span class='ocrx_word' id='word_1_67' title='bbox 181 1582 249 1640; x_wconf 90' lang='lat' dir='ltr'>Hoc</span> <span class='ocrx_word' id='word_1_68' title='bbox 263 1600 384 1660; x_wconf 86' lang='lat' dir='ltr'>nemus,</span> <span class='ocrx_word' id='word_1_69' title='bbox 405 1582 440 1641; x_wconf 88' lang='lat' dir='ltr'>hi</span> <span class='ocrx_word' id='word_1_70' title='bbox 453 1582 572 1660; x_wconf 84' lang='lat' dir='ltr'>fontes,</span> <span class='ocrx_word' id='word_1_71' title='bbox 593 1583 669 1641; x_wconf 90' lang='lat' dir='ltr'>haec</span> <span class='ocrx_word' id='word_1_72' title='bbox 683 1580 799 1641; x_wconf 82' lang='lat' dir='ltr'>textilis</span> <span class='ocrx_word' id='word_1_73' title='bbox 814 1584 923 1644; x_wconf 90' lang='lat' dir='ltr'>umbra</span> <span class='ocrx_word' id='word_1_74' title='bbox 937 1588 1042 1666; x_wconf 87' lang='lat' dir='ltr'>supini</span> 
     </span>
     <span class='ocr_line' id='line_1_15' title="bbox 222 1663 963 1746; baseline 0.007 -24"><span class='ocrx_word' id='word_1_75' title='bbox 222 1663 376 1744; x_wconf 89' lang='lat' dir='ltr'>Palmitis,</span> <span class='ocrx_word' id='word_1_76' title='bbox 399 1667 457 1725; x_wconf 93' lang='lat' dir='ltr'>hoc</span> <span class='ocrx_word' id='word_1_77' title='bbox 472 1668 576 1744; x_wconf 82' lang='lat' dir='ltr'>riguae</span> <span class='ocrx_word' id='word_1_78' title='bbox 591 1664 706 1737; x_wconf 81' lang='lat' dir='ltr'>ductile</span> <span class='ocrx_word' id='word_1_79' title='bbox 721 1667 834 1726; x_wconf 90' lang='lat' dir='ltr'>flumen</span> <span class='ocrx_word' id='word_1_80' title='bbox 849 1678 963 1746; x_wconf 81' lang='lat' dir='ltr'>aqus&#39;e,</span> 
     </span>
    </p>

    <p class='ocr_par' dir='ltr' id='par_1_7' title="bbox 180 1747 958 1911">
     <span class='ocr_line' id='line_1_16' title="bbox 180 1747 914 1826; baseline 0.005 -20"><span class='ocrx_word' id='word_1_81' title='bbox 180 1747 332 1826; x_wconf 80' lang='lat' dir='ltr'>Prataque</span> <span class='ocrx_word' id='word_1_82' title='bbox 346 1768 405 1808; x_wconf 89' lang='lat' dir='ltr'>nec</span> <span class='ocrx_word' id='word_1_83' title='bbox 419 1751 520 1810; x_wconf 82' lang='lat' dir='ltr'>bifero</span> <span class='ocrx_word' id='word_1_84' title='bbox 535 1750 658 1809; x_wconf 73' lang='lat' dir='ltr'>cessuris</span> <span class='ocrx_word' id='word_1_85' title='bbox 671 1751 787 1809; x_wconf 89' lang='lat' dir='ltr'>rosaria</span> <span class='ocrx_word' id='word_1_86' title='bbox 800 1749 914 1810; x_wconf 81' lang='lat' dir='ltr'>Paesto</span> 
     </span>
     <span class='ocr_line' id='line_1_17' title="bbox 223 1831 958 1911; baseline 0.01 -23"><span class='ocrx_word' id='word_1_87' title='bbox 223 1831 371 1910; x_wconf 81' lang='lat' dir='ltr'>Quodque</span> <span class='ocrx_word' id='word_1_88' title='bbox 385 1834 465 1892; x_wconf 88' lang='lat' dir='ltr'>viret</span> <span class='ocrx_word' id='word_1_89' title='bbox 480 1834 543 1893; x_wconf 90' lang='lat' dir='ltr'>Iani</span> <span class='ocrx_word' id='word_1_90' title='bbox 558 1851 679 1910; x_wconf 89' lang='lat' dir='ltr'>mense,</span> <span class='ocrx_word' id='word_1_91' title='bbox 701 1852 759 1893; x_wconf 91' lang='lat' dir='ltr'>nec</span> <span class='ocrx_word' id='word_1_92' title='bbox 773 1831 857 1910; x_wconf 87' lang='lat' dir='ltr'>alget</span> <span class='ocrx_word' id='word_1_93' title='bbox 871 1831 958 1911; x_wconf 88' lang='lat' dir='ltr'>olus;</span> 
     </span>
    </p>
   </div>
   <div class='ocr_carea' id='block_1_7' title="bbox 139 1915 1046 2413">
    <p class='ocr_par' dir='ltr' id='par_1_8' title="bbox 139 1915 1046 2413">
     <span class='ocr_line' id='line_1_18' title="bbox 160 1915 1034 2000; baseline 0.008 -26"><span class='ocrx_word' id='word_1_94' title='bbox 160 1915 329 1992; x_wconf 76' lang='lat' dir='ltr'>anaeque</span> <span class='ocrx_word' id='word_1_95' title='bbox 346 1922 430 1976; x_wconf 84' lang='lat' dir='ltr'>natat</span> <span class='ocrx_word' id='word_1_96' title='bbox 445 1916 537 1978; x_wconf 82' lang='lat' dir='ltr'>clasis</span> <span class='ocrx_word' id='word_1_97' title='bbox 553 1915 686 1995; x_wconf 88' lang='lat' dir='ltr'>anguilla</span> <span class='ocrx_word' id='word_1_98' title='bbox 699 1915 867 1976; x_wconf 82' lang='lat' dir='ltr'>domestica</span> <span class='ocrx_word' id='word_1_99' title='bbox 879 1915 1034 2000; x_wconf 87' lang='lat' dir='ltr'>lymphis,</span> 
     </span>
     <span class='ocr_line' id='line_1_19' title="bbox 222 1998 950 2077; baseline 0.01 -21"><span class='ocrx_word' id='word_1_100' title='bbox 222 1998 367 2076; x_wconf 80' lang='lat' dir='ltr'>Quaeque</span> <span class='ocrx_word' id='word_1_101' title='bbox 384 2002 465 2077; x_wconf 91' lang='lat' dir='ltr'>gerit</span> <span class='ocrx_word' id='word_1_102' title='bbox 480 1999 595 2061; x_wconf 89' lang='lat' dir='ltr'>similes</span> <span class='ocrx_word' id='word_1_103' title='bbox 611 1999 738 2061; x_wconf 88' lang='lat' dir='ltr'>candida</span> <span class='ocrx_word' id='word_1_104' title='bbox 752 2001 847 2061; x_wconf 89' lang='lat' dir='ltr'>turris</span> <span class='ocrx_word' id='word_1_105' title='bbox 863 2020 950 2063; x_wconf 83' lang='lat' dir='ltr'>aves:</span> 
     </span>
     <span class='ocr_line' id='line_1_20' title="bbox 178 2080 1046 2163; baseline 0.012 -25"><span class='ocrx_word' id='word_1_106' title='bbox 178 2080 310 2139; x_wconf 89' lang='lat' dir='ltr'>Munera</span> <span class='ocrx_word' id='word_1_107' title='bbox 324 2090 394 2141; x_wconf 89' lang='lat' dir='ltr'>sunt</span> <span class='ocrx_word' id='word_1_108' title='bbox 408 2081 559 2161; x_wconf 89' lang='lat' dir='ltr'>dominae:</span> <span class='ocrx_word' id='word_1_109' title='bbox 580 2089 651 2163; x_wconf 92' lang='lat' dir='ltr'>post</span> <span class='ocrx_word' id='word_1_110' title='bbox 665 2084 794 2163; x_wconf 85' lang='lat' dir='ltr'>septima</span> <span class='ocrx_word' id='word_1_111' title='bbox 804 2082 902 2144; x_wconf 89' lang='lat' dir='ltr'>lustra</span> <span class='ocrx_word' id='word_1_112' title='bbox 916 2104 1046 2148; x_wconf 86' lang='lat' dir='ltr'>reverso</span> 
     </span>
     <span class='ocr_line' id='line_1_21' title="bbox 220 2163 936 2245; baseline 0.013 -24"><span class='ocrx_word' id='word_1_113' title='bbox 220 2163 287 2222; x_wconf 87' lang='lat' dir='ltr'>llos</span> <span class='ocrx_word' id='word_1_114' title='bbox 302 2163 453 2224; x_wconf 84' lang='lat' dir='ltr'>Marcella</span> <span class='ocrx_word' id='word_1_115' title='bbox 467 2165 547 2226; x_wconf 90' lang='lat' dir='ltr'>lares</span> <span class='ocrx_word' id='word_1_116' title='bbox 562 2186 715 2245; x_wconf 85' lang='lat' dir='ltr'>parvaque</span> <span class='ocrx_word' id='word_1_117' title='bbox 730 2185 825 2245; x_wconf 88' lang='lat' dir='ltr'>regna</span> <span class='ocrx_word' id='word_1_118' title='bbox 839 2166 936 2230; x_wconf 85' lang='lat' dir='ltr'>dedit.</span> 
     </span>
     <span class='ocr_line' id='line_1_22' title="bbox 180 2245 935 2330; baseline 0.008 -25"><span class='ocrx_word' id='word_1_119' title='bbox 180 2245 213 2305; x_wconf 91' lang='lat' dir='ltr'>Si</span> <span class='ocrx_word' id='word_1_120' title='bbox 230 2248 303 2307; x_wconf 83' lang='lat' dir='ltr'>milri</span> <span class='ocrx_word' id='word_1_121' title='bbox 318 2248 465 2308; x_wconf 84' lang='lat' dir='ltr'>Nausicaa</span> <span class='ocrx_word' id='word_1_122' title='bbox 477 2251 593 2329; x_wconf 86' lang='lat' dir='ltr'>patrios</span> <span class='ocrx_word' id='word_1_123' title='bbox 608 2249 795 2310; x_wconf 87' lang='lat' dir='ltr'>concederet</span> <span class='ocrx_word' id='word_1_124' title='bbox 810 2251 935 2330; x_wconf 87' lang='lat' dir='ltr'>hortos,</span> 
     </span>
     <span class='ocr_line' id='line_1_23' title="bbox 139 2330 986 2413; baseline 0.002 -21"><span class='ocrx_word' id='word_1_125' title='bbox 139 2341 174 2392; x_wconf 93' lang='lat'>10</span> <span class='ocrx_word' id='word_1_126' title='bbox 223 2330 353 2392; x_wconf 84' lang='lat' dir='ltr'>Alcinoo</span> <span class='ocrx_word' id='word_1_127' title='bbox 367 2337 490 2413; x_wconf 85' lang='lat' dir='ltr'>possem</span> <span class='ocrx_word' id='word_1_128' title='bbox 504 2333 609 2394; x_wconf 86' lang='lat' dir='ltr'>dicere</span> <span class='ocrx_word' id='word_1_129' title='bbox 624 2333 731 2412; x_wconf 87' lang='lat' dir='ltr'>„Malo</span> <span class='ocrx_word' id='word_1_130' title='bbox 744 2335 861 2395; x_wconf 80' lang='lat' dir='ltr'>meos.“</span> <span class='ocrx_word' id='word_1_131' title='bbox 983 2332 986 2336; x_wconf 51' lang='lat'><strong><em>⁴</em></strong></span> 
     </span>
    </p>
   </div>
   <div class='ocr_carea' id='block_1_8' title="bbox 551 2497 706 2581">
    <p class='ocr_par' dir='ltr' id='par_1_9' title="bbox 551 2497 706 2581">
     <span class='ocr_line' id='line_1_24' title="bbox 551 2497 706 2581; baseline 0.006 -25"><span class='ocrx_word' id='word_1_132' title='bbox 551 2497 673 2560; x_wconf 82' lang='lat' dir='ltr'>xxxn.</span> <span class='ocrx_word' id='word_1_133' title='bbox 704 2574 706 2581; x_wconf 23' lang='grc' dir='ltr'>Ι</span> 
     </span>
    </p>
   </div>
   <div class='ocr_carea' id='block_1_9' title="bbox 108 2605 840 3441">
    <p class='ocr_par' dir='ltr' id='par_1_10' title="bbox 157 2605 818 3021">
     <span class='ocr_line' id='line_1_25' title="bbox 180 2605 740 2685; baseline 0.002 -19"><span class='ocrx_word' id='word_1_134' title='bbox 180 2607 206 2666; x_wconf 91' lang='lat'>0</span> <span class='ocrx_word' id='word_1_135' title='bbox 219 2605 362 2667; x_wconf 90' lang='lat' dir='ltr'>Iuliarum</span> <span class='ocrx_word' id='word_1_136' title='bbox 376 2606 510 2667; x_wconf 85' lang='lat' dir='ltr'>dedecus</span> <span class='ocrx_word' id='word_1_137' title='bbox 522 2606 740 2685; x_wconf 83' lang='lat' dir='ltr'>Kalendarum,</span> 
     </span>
     <span class='ocr_line' id='line_1_26' title="bbox 180 2689 796 2769; baseline 0 -18"><span class='ocrx_word' id='word_1_138' title='bbox 180 2689 270 2766; x_wconf 86' lang='lat' dir='ltr'>Vidi,</span> <span class='ocrx_word' id='word_1_139' title='bbox 291 2690 442 2768; x_wconf 85' lang='lat' dir='ltr'>Vacerra,</span> <span class='ocrx_word' id='word_1_140' title='bbox 464 2693 597 2751; x_wconf 90' lang='lat' dir='ltr'>sarcinas</span> <span class='ocrx_word' id='word_1_141' title='bbox 610 2698 693 2769; x_wconf 90' lang='lat' dir='ltr'>tuas,</span> <span class='ocrx_word' id='word_1_142' title='bbox 714 2690 796 2765; x_wconf 82' lang='lat' dir='ltr'>vidi3</span> 
     </span>
     <span class='ocr_line' id='line_1_27' title="bbox 181 2772 818 2855; baseline 0.006 -25"><span class='ocrx_word' id='word_1_143' title='bbox 181 2772 261 2848; x_wconf 78' lang='lat' dir='ltr'>Quas</span> <span class='ocrx_word' id='word_1_144' title='bbox 275 2792 336 2832; x_wconf 90' lang='lat' dir='ltr'>non</span> <span class='ocrx_word' id='word_1_145' title='bbox 351 2782 487 2834; x_wconf 90' lang='lat' dir='ltr'>retentas</span> <span class='ocrx_word' id='word_1_146' title='bbox 501 2777 649 2855; x_wconf 90' lang='lat' dir='ltr'>pensione</span> <span class='ocrx_word' id='word_1_147' title='bbox 665 2793 721 2855; x_wconf 90' lang='lat' dir='ltr'>pro</span> <span class='ocrx_word' id='word_1_148' title='bbox 736 2777 818 2835; x_wconf 84' lang='lat' dir='ltr'>bima</span> 
     </span>
     <span class='ocr_line' id='line_1_28' title="bbox 180 2855 778 2938; baseline 0.007 -23"><span class='ocrx_word' id='word_1_149' title='bbox 180 2855 327 2916; x_wconf 86' lang='lat' dir='ltr'>Portabat</span> <span class='ocrx_word' id='word_1_150' title='bbox 340 2875 416 2916; x_wconf 85' lang='lat' dir='ltr'>uxor</span> <span class='ocrx_word' id='word_1_151' title='bbox 429 2859 497 2918; x_wconf 83' lang='lat' dir='ltr'>rufa</span> <span class='ocrx_word' id='word_1_152' title='bbox 512 2858 646 2919; x_wconf 87' lang='lat' dir='ltr'>crinibus</span> <span class='ocrx_word' id='word_1_153' title='bbox 660 2864 778 2938; x_wconf 88' lang='lat' dir='ltr'>septem</span> 
     </span>
     <span class='ocr_line' id='line_1_29' title="bbox 157 2939 767 3021; baseline 0.003 -19"><span class='ocrx_word' id='word_1_154' title='bbox 157 2939 221 3002; x_wconf 81' lang='lat' dir='ltr'>5Et</span> <span class='ocrx_word' id='word_1_155' title='bbox 235 2959 301 2999; x_wconf 90' lang='lat' dir='ltr'>cam</span> <span class='ocrx_word' id='word_1_156' title='bbox 320 2958 427 2999; x_wconf 90' lang='lat' dir='ltr'>sorore</span> <span class='ocrx_word' id='word_1_157' title='bbox 442 2959 515 3001; x_wconf 89' lang='lat' dir='ltr'>cana</span> <span class='ocrx_word' id='word_1_158' title='bbox 528 2949 626 3001; x_wconf 89' lang='lat' dir='ltr'>mater</span> <span class='ocrx_word' id='word_1_159' title='bbox 639 2943 767 3021; x_wconf 79' lang='lat' dir='ltr'>ingenti</span> 
     </span>
    </p>

    <p class='ocr_par' dir='ltr' id='par_1_11' title="bbox 108 3023 840 3358">
     <span class='ocr_line' id='line_1_30' title="bbox 108 3023 755 3104; baseline 0.006 -22"><span class='ocrx_word' id='word_1_160' title='bbox 108 3060 111 3067; x_wconf 39' lang='grc' dir='ltr'><em>ι</em></span> <span class='ocrx_word' id='word_1_161' title='bbox 178 3023 287 3083; x_wconf 82' lang='lat' dir='ltr'>Furias</span> <span class='ocrx_word' id='word_1_162' title='bbox 300 3025 402 3104; x_wconf 84' lang='lat' dir='ltr'>putavi</span> <span class='ocrx_word' id='word_1_163' title='bbox 415 3031 507 3084; x_wconf 91' lang='lat' dir='ltr'>nocte</span> <span class='ocrx_word' id='word_1_164' title='bbox 519 3025 598 3084; x_wconf 88' lang='lat' dir='ltr'>Ditis</span> <span class='ocrx_word' id='word_1_165' title='bbox 613 3044 755 3086; x_wconf 88' lang='lat' dir='ltr'>emersas.</span> 
     </span>
     <span class='ocr_line' id='line_1_31' title="bbox 179 3106 809 3188; baseline 0.002 -20"><span class='ocrx_word' id='word_1_166' title='bbox 179 3108 290 3168; x_wconf 79' lang='lat' dir='ltr'>Hasta</span> <span class='ocrx_word' id='word_1_167' title='bbox 304 3109 425 3188; x_wconf 88' lang='lat' dir='ltr'>priores</span> <span class='ocrx_word' id='word_1_168' title='bbox 438 3109 555 3187; x_wconf 84' lang='lat' dir='ltr'>frigore</span> <span class='ocrx_word' id='word_1_169' title='bbox 571 3116 604 3169; x_wconf 89' lang='lat' dir='ltr'>et</span> <span class='ocrx_word' id='word_1_170' title='bbox 616 3106 696 3169; x_wconf 86' lang='lat' dir='ltr'>fame</span> <span class='ocrx_word' id='word_1_171' title='bbox 711 3110 809 3170; x_wconf 84' lang='lat' dir='ltr'>siccus</span> 
     </span>
     <span class='ocr_line' id='line_1_32' title="bbox 178 3191 840 3273; baseline 0 -21"><span class='ocrx_word' id='word_1_172' title='bbox 178 3191 221 3252; x_wconf 86' lang='lat' dir='ltr'>Et</span> <span class='ocrx_word' id='word_1_173' title='bbox 234 3211 296 3251; x_wconf 88' lang='lat' dir='ltr'>aon</span> <span class='ocrx_word' id='word_1_174' title='bbox 309 3193 429 3252; x_wconf 89' lang='lat' dir='ltr'>recenti</span> <span class='ocrx_word' id='word_1_175' title='bbox 442 3192 575 3273; x_wconf 90' lang='lat' dir='ltr'>pallidus</span> <span class='ocrx_word' id='word_1_176' title='bbox 588 3195 682 3271; x_wconf 90' lang='lat' dir='ltr'>magis</span> <span class='ocrx_word' id='word_1_177' title='bbox 696 3195 775 3253; x_wconf 86' lang='lat' dir='ltr'>buxo</span> <span class='ocrx_word' id='word_1_178' title='bbox 837 3236 840 3240; x_wconf 24' lang='grc' dir='ltr'><strong><em>ι</em></strong></span> 
     </span>
     <span class='ocr_line' id='line_1_33' title="bbox 176 3276 767 3358; baseline 0.005 -22"><span class='ocrx_word' id='word_1_179' title='bbox 176 3276 244 3336; x_wconf 91' lang='lat' dir='ltr'>lrns</span> <span class='ocrx_word' id='word_1_180' title='bbox 258 3283 379 3336; x_wconf 90' lang='lat' dir='ltr'>tuorum</span> <span class='ocrx_word' id='word_1_181' title='bbox 394 3283 566 3358; x_wconf 89' lang='lat' dir='ltr'>temporum</span> <span class='ocrx_word' id='word_1_182' title='bbox 580 3277 767 3356; x_wconf 82' lang='lat' dir='ltr'>sequebaris.</span> 
     </span>
    </p>

    <p class='ocr_par' dir='ltr' id='par_1_12' title="bbox 124 3360 784 3441">
     <span class='ocr_line' id='line_1_34' title="bbox 124 3360 784 3441; baseline 0.005 -21"><span class='ocrx_word' id='word_1_183' title='bbox 124 3360 311 3441; x_wconf 82' lang='lat' dir='ltr'>loMigrare</span> <span class='ocrx_word' id='word_1_184' title='bbox 327 3360 442 3426; x_wconf 87' lang='lat' dir='ltr'>clivom</span> <span class='ocrx_word' id='word_1_185' title='bbox 456 3361 606 3424; x_wconf 83' lang='lat' dir='ltr'>crederes</span> <span class='ocrx_word' id='word_1_186' title='bbox 619 3361 784 3423; x_wconf 70' lang='lat' dir='ltr'>Xrielnnm.</span> 
     </span>
    </p>
   </div>
   <div class='ocr_carea' id='block_1_10' title="bbox 159 3445 914 3534">
    <p class='ocr_par' dir='ltr' id='par_1_13' title="bbox 159 3445 914 3534">
     <span class='ocr_line' id='line_1_35' title="bbox 159 3445 914 3534; baseline -0.005 -27"><span class='ocrx_word' id='word_1_187' title='bbox 159 3445 232 3509; x_wconf 83' lang='lat' dir='ltr'>lbet</span> <span class='ocrx_word' id='word_1_188' title='bbox 248 3450 355 3534; x_wconf 88' lang='lat' dir='ltr'>tripes</span> <span class='ocrx_word' id='word_1_189' title='bbox 370 3451 527 3533; x_wconf 87' lang='lat' dir='ltr'>grabatus</span> <span class='ocrx_word' id='word_1_190' title='bbox 539 3454 575 3511; x_wconf 86' lang='lat' dir='ltr'>et</span> <span class='ocrx_word' id='word_1_191' title='bbox 583 3447 680 3530; x_wconf 66' lang='lat' dir='ltr'>bipes</span> <span class='ocrx_word' id='word_1_192' title='bbox 690 3460 819 3517; x_wconf 78' lang='lat' dir='ltr'>mensa,</span> <span class='ocrx_word' id='word_1_193' title='bbox 906 3450 914 3459; x_wconf 86' lang='lat'>&#39;</span> 
     </span>
    </p>
   </div>
   <div class='ocr_carea' id='block_1_11' title="bbox 0 0 1136 3786">
    <p class='ocr_par' dir='ltr' id='par_1_14' title="bbox 0 0 1136 3786">
     <span class='ocr_line' id='line_1_36' title="bbox 0 0 1136 3786; baseline 0 3"><span class='ocrx_word' id='word_1_194' title='bbox 0 0 1136 3786; x_wconf 95' lang='lat' dir='ltr'> </span> 
     </span>
    </p>
   </div>
  </div>
 </body>
</html>
