2264 3786
42 176 152 277 'saal
241 273 247 281 ,
382 212 425 274 or.
440 208 768 274 ammonemus

537 415 613 478 xm.
722 372 725 377 ’

143 527 254 606 Mense
267 545 344 586 novo
360 526 425 586 Iani
437 532 589 603 veterem,
610 523 788 601 Promissis,
810 527 953 586 moritum

82 649 85 655 .
186 610 310 669 Deseris
327 615 417 688 atque
431 611 519 670 iubes
533 612 583 668 re's
597 609 655 669 sibi
669 609 784 668 babere
799 627 877 669 suas.

144 693 233 770 Quid,
247 711 333 770 rogo,
348 692 421 772 quid
434 693 547 752 factum
561 692 631 751 est?
645 692 737 750 subiti
756 708 834 770 quae
849 711 940 752 eausa
951 691 1086 752 doloris?

185 775 236 835 Nil
249 777 324 835 milri
338 775 531 855 respondes?
557 776 661 834 Dicam
676 792 758 851 ego,
769 782 895 855 praetor
913 785 993 841 erat

121 860 329 920 biloustatura
341 859 401 919 fuit
414 859 601 947 Megalensis
614 877 749 937 purpura
763 864 885 918 eentum'

185 942 328 1019 Milibus,
350 949 385 1001 ut
395 936 520 1001 nimium
533 959 659 1000 munera
673 960 764 1019 parea
779 941 905 1017 dares,

142 1026 184 1086 Et
198 1025 345 1105 populare
358 1044 476 1083 suorum
490 1026 537 1083 bis
552 1019 636 1083 milia
651 1023 729 1083 dena
742 1023 874 1085 tulisset.

184 1107 351 1168 Discidium
364 1125 425 1166 non
440 1114 489 1166 est
501 1108 577 1184 hoe,
597 1107 774 1168 Proculeio:
792 1107 911 1168 luorum
926 1116 983 1170 est.

532 1240 619 1301 XLII.

144 1352 219 1410 Tam
237 1351 327 1411 dubia
341 1358 389 1412 est
402 1352 510 1430 lanugo
524 1354 599 1426 tibi,
618 1359 679 1412 tam
694 1348 811 1431 mollis,
830 1360 867 1413 ut
878 1352 965 1414 illam

185 1435 304 1494 Halitus
318 1441 350 1494 et
364 1434 445 1496 soles
461 1446 492 1496 et
506 1436 581 1496 levis
597 1457 668 1496 aura
682 1444 771 1496 terat.

143 1518 291 1579 Celantur
305 1519 397 1578 simili
410 1525 538 1579 ventura
550 1518 688 1597 Cydonia
701 1520 785 1597 lana,

183 1600 301 1662 Pollice
314 1604 451 1682 virgineo
465 1621 542 1682 quae
557 1601 686 1683 spoliata
697 1605 809 1664 nitent.
954 1661 958 1673 ,
1000 1680 1003 1685 ¹

122 1687 267 1748 5Fortius
282 1687 423 1766 impressi
438 1687 579 1765 quotiens
595 1687 651 1746 tibi
666 1687 749 1747 basia
764 1689 915 1775 quinque,

183 1771 331 1861 liarbatus
343 1769 454 1848 lubrie,
468 1769 638 1849 Dindyma,
659 1771 699 1830 fio
714 1772 783 1831 tuls.

523 1898 710 1966 xmus

143 2017 277 2096 Septima
294 2018 368 2095 iam,
390 2017 547 2094 Phileros,
569 2019 626 2077 tibi
643 2018 784 2078 conditur
797 2036 872 2077 uxor
885 2019 919 2077 in'
933 2037 1017 2098 agro.

182 2100 256 2159 Plus
271 2099 364 2177 nulli,
386 2100 543 2178 Phileros,
562 2120 651 2180 quam
666 2104 737 2191 tibi,
758 2100 863 2185 reddit
877 2120 959 2180 ager.

517 2233 623 2296 XLIV.

143 2346 254 2421 Quinte
270 2345 453 2411 caledonios
470 2344 558 2405 Ovidi
572 2347 673 2405 visure
686 2347 849 2406 Britannos

181 2430 222 2490 ut
235 2429 363 2490 viridem
381 2431 504 2509 Tethyn
520 2430 733 2510 Oceanumque
745 2437 879 2511 patrem,

139 2513 222 2589 Ergo
236 2513 350 2573 Numae
365 2513 461 2575 colles
475 2520 508 2573 et
520 2514 709 2574 Nomentana
724 2512 880 2591 relinques

183 2595 267 2672 Otia,
287 2615 345 2656 neo
363 2599 479 2657 retinet
494 2616 606 2677 rusque
620 2598 771 2676 focusque
782 2599 912 2657 senem?

120 2676 259 2738 bGaudia
274 2685 307 2737 tu
323 2678 446 2758 diIIers,
466 2687 496 2740 at
508 2701 570 2740 non
585 2687 617 2741 et
632 2683 757 2741 stamina
775 2681 881 2741 differt

182 2761 331 2840 Atropos,
355 2770 446 2841 atque
460 2764 557 2823 omnis
572 2767 716 2826 scribitur
729 2765 805 2824 hora
819 2766 886 2827 tibi.

139 2844 337 2903 Praestiteris
351 2865 479 2904 earo-
438 2849 561 2923 -quis
572 2867 635 2906 non
650 2851 708 2907 boo
722 2847 904 2908 laudeti-
861 2851 1036 2930 -amioo,
1124 2908 1128 2920 ,

144 2929 224 2988 U·t
238 2928 341 3007 potior
353 2923 414 2987 vita
428 2931 469 2988 sit
482 2929 540 2988 tibi
554 2937 657 2990 saneta
670 2932 765 3004 fides3

139 3009 201 3073 Sed
215 3009 346 3071 reddare
359 3013 421 3072 tuis
434 3011 557 3072 tandem
572 3032 712 3074 mansure
725 3017 846 3077 Sabinis

99 3108 132 3158 10
181 3095 289 3175 'l'eque
306 3103 373 3156 tuas
388 3115 530 3156 numeres
544 3099 628 3157 inter
640 3100 794 3161 amicitias.

526 3232 619 3297 XLV.

138 3340 170 3400 Si
187 3341 260 3419 quid
275 3341 348 3402 lene
361 3344 421 3402 mei
437 3343 543 3404 dieunt
560 3350 592 3404 et
607 3343 695 3405 dulee
709 3344 824 3422 libelli,

180 3424 212 3484 Si
228 3425 302 3504 quid
318 3427 520 3489 honorificum
533 3429 642 3510 pagiua
657 3429 767 3491 blanda
785 3439 889 3510 sonat,
