2264 3786
90 185 150 248 ass
333 140 335 157 ²
406 135 450 246 aa
466 168 556 251 vat.
572 184 799 249 manuisum

124 325 132 335 ⁵
213 337 277 397 Nec
293 336 456 416 Capitolini
470 334 559 396 collis
575 334 696 397 alumna
709 338 774 399 tibi.

148 474 150 479 .
172 422 236 482 Nec
251 421 311 481 cito
324 419 440 479 ridebit
453 423 610 499 peregriui
628 420 726 499 gloria
739 427 862 501 partus,

213 505 376 564 Romanam
391 501 499 564 deceat
516 524 604 582 quam
617 506 711 583 magis
726 523 795 564 essc
809 524 932 579 nurum.

173 589 222 649 'I'n
237 586 422 648 desiderIum
437 586 576 647 dominae
589 589 664 648 mihi
678 578 781 648 mitius
793 591 881 650 urbis

131 683 164 735 10
212 674 290 734 Ese
303 672 406 731 iubes:
426 671 551 732 Romam
566 670 872 741 tumihisolcfacis.
943 681 947 687 '

554 803 647 865 XXII.
677 868 680 872 .

172 906 267 981 Quam
282 905 323 964 sit
335 903 420 965 lusca
433 899 591 964 Philaenis
604 901 804 981 indecenter,

173 987 227 1047 Vis
242 987 339 1047 dicam
353 987 492 1048 breuiter
504 987 579 1061 tibi,
601 985 754 1046 Fabulle?

171 1070 264 1130 Esset
277 1080 367 1130 caeca
380 1067 541 1131 decentior
559 1066 727 1133 Philaenis.

546 1203 653 1265 XXIII.

173 1301 322 1362 Dentibus
338 1309 429 1382 atque
446 1303 556 1380 comis,
577 1320 636 1362 uec
651 1309 683 1362 tc
697 1300 819 1382 pudet,
829 1304 931 1365 uteris
946 1311 1065 1387 emptis.

213 1384 293 1462 Quid
306 1387 401 1447 facies
415 1385 519 1466 oculo,
537 1384 665 1447 Laelia?
685 1405 748 1448 uon·
762 1387 884 1451 emitur.

650 1474 663 1507 0
839 1469 842 1475 .

549 1519 658 1582 xxiv.

175 1616 361 1696 Oiucunda,
386 1619 530 1697 contione,
552 1614 702 1695 solitudo,

174 1701 308 1761 Carruca
321 1703 416 1780 magis
431 1701 602 1780 essedoque
616 1707 733 1780 gratum
838 1705 849 1723 ·’
882 1740 888 1749 ,

144 1825 149 1844 .
171 1784 308 1844 Facundi
321 1786 396 1845 mibi
410 1786 517 1857 munus
532 1784 672 1846 Aeliani!

172 1868 232 1927 Hic
246 1883 363 1928 mecum
377 1868 467 1948 licet,
490 1871 556 1946 hic,
577 1868 693 1947 lunate,
717 1868 867 1949 quidquid
905 1880 908 1887 ’
1014 1865 1017 1870 ’

149 1950 205 2010 51η
220 1952 345 2011 buccam
359 1955 417 2012 tibi
430 1955 566 2031 venerit,
587 1950 732 2031 loquaris.

172 2033 241 2092 Non
255 2042 360 2094 rector
372 2035 481 2114 Libyci
494 2037 583 2114 niger
597 2034 722 2114 caballi,
767 2041 769 2045 '
821 2046 823 2051 ’

173 2116 350 2193 Succiuctus
364 2137 465 2196 nequo
481 2139 588 2180 cursor
602 2119 764 2189 antecedit.

173 2198 327 2278 Nusquam
341 2208 390 2261 est
403 2201 513 2276 mulio;
534 2203 667 2263 mannuli
682 2201 836 2266 tacebunt.

173 2283 200 2342 0
217 2284 244 2344 si
257 2286 395 2345 conscius
410 2292 493 2345 esset
507 2288 557 2345 hic
573 2286 696 2364 Avitus,

131 2369 286 2429 10Aurem
301 2388 363 2429 non
377 2387 433 2449 ego
448 2372 572 2430 tertiam
586 2371 734 2429 timerem.

74 2539 77 2546 ἱ
173 2452 270 2512 'Ictus
286 2471 373 2530 quam
387 2456 467 2515 bene
481 2455 525 2515 sic
544 2453 610 2513 dies
625 2453 739 2514 abiret!
757 2464 761 2471 ’
879 2510 881 2517 ,

172 2684 248 2742 cum
259 2702 333 2761 rogo
345 2690 378 2744 tc
389 2704 525 2746 nummos
537 2688 603 2747 siue
615 2687 754 2766 pignore,
766 2704 850 2765 „uon
862 2688 1001 2766 babeo,“
1015 2692 1080 2770 inqu

212 2765 312 2844 Idem,
334 2769 360 2826 si
374 2788 430 2847 pro
445 2788 495 2830 me
510 2769 642 2852 spondet
660 2768 794 2850 agellus,
815 2771 923 2831 habes.
977 2830 986 2840 ,

171 2849 260 2926 Quod
272 2850 346 2909 mibi
360 2869 421 2910 non
436 2852 536 2912 credis
550 2855 665 2934 reteri,
688 2853 855 2932 Telesiae,
877 2853 1001 2935 sodali,

213 2931 324 2994 Credis
339 2932 476 2996 ooliculIs
491 2937 712 3017 arboribusque
726 2939 813 3002 meis.

150 3019 273 3095 allece,
291 3036 379 3079 reum
398 3018 494 3079 Carus
507 3026 540 3080 tc
555 3004 684 3082 detulit:
704 3024 778 3083 assit
791 3021 920 3100 agellus.

213 3098 313 3162 Exilis
329 3104 470 3165 comItem
486 3105 630 3185 quaeris?
651 3104 767 3185 agellus
781 3112 840 3168 eat
942 3108 948 3115 ’

551 3238 659 3302 XXVI.

168 3333 329 3416 Sexagena
343 3341 428 3398 teras
443 3355 511 3398 cum
522 3335 628 3405 limina
640 3355 728 3396 mane
742 3344 884 3416 senator,

198 3420 283 3485 Esse
299 3424 361 3488 tibi
375 3421 489 3488 videor
505 3420 684 3486 desidIosus
697 3436 815 3499 eones,
