2264 3786
117 165 158 230 ιι
270 218 282 243 ,
422 164 480 226 ιι.
496 164 587 227 van.
603 163 825 226 Maur-murs

201 321 253 381 Sic
266 319 468 398 interpositus
481 310 554 377 villo
569 318 755 380 contaminat
767 323 860 377 uncto

179 404 316 471 5Urbica
328 401 514 480 Lingonicus
530 401 733 479 Tyrianthina
745 400 999 482 bardocuculluu,
1094 442 1097 447 -

161 500 166 514 ¹
201 487 253 547 Sic
266 487 430 546 Arretinae
444 486 559 547 violant
572 483 748 563 crystallina
762 490 878 563 testae,

76 591 82 603 ·
197 570 253 642 xSic
272 571 361 648 niger
376 571 410 629 iu
425 570 501 647 ripis
518 575 602 628 errat
617 587 684 627 cum
698 568 781 628 forte
796 568 936 648 Caystri,

95 667 98 672 ’
200 643 285 713 lnte'r
300 652 440 713 Ledaeos
454 651 574 711 ridetur
588 670 695 711 corvus
710 648 829 728 olores,

200 738 251 798 Sic
266 738 319 797 ubi
332 734 495 796 multisona
508 735 610 794 fervet
623 752 710 793 sacer
724 734 853 804 Atthide
867 733 971 815 lucus,
1063 805 1072 819 ι

127 894 131 899 .
158 822 337 901 lolmprobu
352 821 516 899 Cecropias
531 817 662 878 offendit
675 819 743 896 pica
757 817 920 895 querellas.

198 904 302 966 indice
317 923 379 962 non
393 921 468 980 opus
482 909 531 961 est
544 901 658 961 nostris
673 919 730 958 nec
743 900 846 961 iudice
860 901 967 981 libris,
1021 933 1025 945 =

199 990 267 1049 Stat
281 993 388 1046 contra
403 985 538 1063 dicitque
553 985 611 1043 tibi
625 990 678 1042 tua
694 980 804 1062 p‘agiua
817 986 901 1063 „Fur
916 987 984 1049 es.“

488 1118 491 1126 ’
595 1116 671 1178 LlV.

199 1232 338 1313 Siquid,
358 1233 475 1314 Fusce,
494 1251 581 1291 vacas
596 1231 693 1291 adhuc
710 1233 803 1292 amari
817 1265 859 1278 -

199 1318 274 1377 Nam
289 1323 360 1376 sunt
372 1317 444 1377 hinc
458 1317 532 1392 tibi,
554 1322 669 1376 suntet
683 1317 755 1376 hinc
769 1318 858 1377 amici
869 1351 929 1395 ·-,

198 1402 315 1478 Unum,
337 1402 363 1461 si
380 1405 537 1479 superest,
558 1398 659 1459 locum
672 1418 830 1478 rogamus,
1033 1465 1048 1477 ⁴

198 1484 263 1544 Nec
280 1502 345 1559 me,
368 1483 449 1563 qnod
465 1484 522 1544 tibi
537 1484 592 1542 sim
607 1503 719 1559 novus,
741 1502 884 1544 recuses:

177 1569 314 1628 50mnes
328 1568 388 1627 hoc
401 1573 523 1626 veteres
537 1568 583 1626 tui
596 1568 730 1627 fuerunt.
976 1558 982 1575 “

200 1653 249 1712 Tu
263 1657 380 1710 tantum
393 1651 512 1729 inspice
533 1651 584 1728 qni
599 1669 693 1709 novus
707 1656 834 1729 paratur
944 1682 947 1686 ⁸
970 1687 973 1707 ι
1039 1676 1041 1682 s

83 1764 88 1768 ·
199 1736 247 1795 An
261 1736 359 1814 possit
372 1735 442 1794 fieri
456 1740 542 1794 vetus
559 1732 684 1794 sodalis.

546 1909 547 1914 ¹
599 1885 662 1948 LV.

154 2054 157 2059 .
198 1997 279 2057 Vota
292 1997 489 2056 tuibreviter
503 1997 530 2054 si
544 1997 590 2054 uis
605 2014 790 2073 cognoscere
807 1997 922 2077 Marci,
1015 2042 1032 2081 ,-

225 2079 366 2147 ¹Clarum
377 2077 522 2155 militiae,
543 2079 678 2154 Fronto,
699 2085 850 2159 togaeque
867 2082 977 2161 decas,

156 2154 159 2166 ”
198 2163 266 2222 Hoc
280 2163 377 2242 petit,
400 2180 469 2222 ιιιι
486 2163 532 2220 sni
546 2180 604 2220 nec
619 2163 719 2240 magni
732 2166 813 2223 ruris
827 2173 946 2244 arator,
994 2183 1000 2198 ¹

242 2246 434 2325 Sordidaque
449 2247 482 2305 in
495 2247 597 2324 parvis
613 2246 675 2304 otia
688 2248 780 2307 rebus
795 2255 882 2310 amat.

178 2331 366 2410 5Quisquam
381 2331 464 2410 picta
478 2326 553 2389 colit
572 2329 715 2408 Spartani
731 2330 847 2409 frigora
861 2335 925 2394 saxi
1009 2342 1012 2349 '

239 2414 281 2474 Et
298 2415 478 2473 matutinum
490 2418 594 2493 portat
606 2414 728 2496 ineptus
742 2415 823 2494 Ave,

200 2498 257 2558 cui
271 2497 347 2558 licet
361 2499 476 2557 exuviis
489 2498 624 2576 nemoris
639 2498 780 2577 rurisque
794 2501 885 2559 beato

103 2582 107 2589 ’
241 2581 322 2640 Ante
337 2582 438 2640 focum
452 2580 560 2661 plenas
575 2580 757 2661 explicuisse
768 2581 875 2663 plagas

198 2665 239 2724 Et
252 2665 368 2741 piscem
381 2663 511 2724 tremula
527 2663 688 2724 salientem
703 2664 817 2726 ducere
830 2673 897 2726 seta
993 2677 996 2681 ’

159 2757 193 2807 10
239 2736 394 2824 Flavaque
410 2746 449 2805 de
462 2748 556 2805 rubro
570 2766 715 2825 promere
729 2748 822 2830 mella
837 2750 935 2810 cado?

199 2829 324 2907 Pinguis
339 2829 513 2908 inaequales
527 2832 698 2890 oneratcui
711 2829 802 2892 vilica
815 2852 935 2894 mensas

118 2923 125 2937 “
240 2913 282 2974 Et
296 2932 349 2972 sna
362 2932 424 2973 non
439 2918 557 2991 emptus
570 2908 733 2992 praeparat
751 2934 805 2976 ova
819 2918 917 2977 cinis?

48 2989 56 3001 ⁸
199 2996 267 3056 Non
283 3001 364 3056 amet
377 2996 456 3055 hanc
470 2998 561 3055 vitam
575 2997 711 3074 quisquis
724 3016 774 3058 me
787 3019 849 3060 non
864 3010 958 3082 amat,
979 3010 1068 3085 opto,

240 3080 332 3175 Viqat
345 3086 378 3139 et
390 3080 513 3139 urbanis
529 3077 616 3138 albus
629 3080 661 3139 in
679 3080 798 3146 officiis.

592 3215 669 3278 LVl.

201 3326 360 3386 Continuis
374 3330 480 3385 uexata
494 3325 596 3387 madet
609 3325 761 3387 vindemia
773 3329 898 3390 nimbis:
965 3375 969 3381 .

240 3408 308 3469 Non
320 3417 424 3490 potes,
443 3415 480 3468 ut
494 3411 615 3490 cupias,
635 3410 788 3492 vendere,
810 3434 903 3495 copo,
925 3433 1052 3477 merum.
