2264 3786
289 228 622 290 EPIGRAMMATON
634 231 708 295 LlB.
723 233 785 294 vl:
984 230 1044 295 137
1103 272 1108 277 -

103 379 215 441 Nullae
228 381 273 440 sic
287 382 344 442 tibi
358 379 555 441 blandientur
570 381 687 460 undae,
791 409 795 415 ·

104 465 169 524 Nec
184 465 286 524 lantes
302 465 402 543 Aponi
415 463 508 525 rudes
521 464 651 544 puellis,

15 592 20 603 .
83 548 178 609 5Ncn
191 545 291 607 meilis
305 547 449 609 Sinuesss
462 547 635 628 fervidique

103 630 230 690 Fluctus
245 631 384 690 Passeris
398 638 449 690 aut
463 633 612 711 superbus
625 634 748 712 Anxur,

103 713 172 774 Non
185 715 303 773 Phoebi
317 712 392 773 vada
405 715 620 795 principesque
635 716 735 776 Baiae.

80 796 83 801 '
103 796 256 874 Nusquam
268 804 330 857 tum
342 796 471 857 nitidum
484 804 569 858 rscai
583 816 740 860 serenum

104 880 169 939 Lux
182 881 248 960 ipsa
262 886 310 940 est
322 881 366 940 ibi
379 878 515 960 longior,
538 881 667 962 diesque

62 972 97 1024 10
104 961 193 1022 Nullo
207 962 325 1022 tardius
339 984 356 1023 a
369 962 437 1023 locu
451 963 579 1026 recedit.

103 1044 168 1105 illic
181 1046 312 1124 Taygeti
324 1048 425 1106 virent
439 1047 561 1108 neuile

103 1130 145 1189 Et
159 1134 280 1189 certent
293 1131 376 1189 varic
391 1129 504 1191 decere
519 1151 605 1210 saxa,

104 1213 189 1287 Quae
201 1211 305 1292 Phryx
319 1219 352 1273 et
363 1213 457 1293 Libys
470 1213 562 1275 ultius
576 1214 705 1290 cecidit;

104 1295 208 1355 Siccos
221 1296 342 1375 pinguis
355 1316 434 1377 onyx
448 1296 571 1357 anhelat
584 1305 685 1360 aestus

61 1379 143 1440 runt
155 1379 274 1438 iiamms
287 1381 372 1439 tenui
386 1379 487 1440 calent
499 1381 632 1462 ophitae.

103 1463 191 1522 Ritus
205 1463 232 1521 si
244 1459 386 1542 placeant
399 1465 455 1524 tibi
468 1464 637 1542 Laconum,

104 1546 273 1605 Contentus
287 1554 377 1625 potes
392 1546 477 1606 arido
490 1567 603 1627 sapore

103 1627 205 1688 crude
218 1629 346 1708 Virgine
360 1629 514 1690 Marciave
528 1633 643 1709 mergi;

103 1712 187 1786 Quae
201 1717 262 1772 taur
276 1711 421 1789 candida,
444 1719 504 1772 turn
518 1732 628 1775 serena
641 1713 743 1791 lucet,

61 1807 96 1857 20
102 1796 143 1855 Ut
156 1793 255 1855 nullas
269 1797 312 1856 ibi
327 1797 491 1876 suspiceris
505 1794 601 1856 undas

101 1880 142 1938 ut
157 1876 264 1938 credes
278 1898 398 1939 vacuam
411 1880 513 1939 nitere
525 1878 649 1959 lygdcn.

100 1961 169 2021 Non
183 1961 333 2040 attendis,
354 1967 386 2022 et
399 1981 473 2023 sure
484 1981 535 2041 rue
550 1964 657 2044 supina

100 2045 160 2103 Iam
176 2042 286 2105 dudum
300 2046 386 2124 quasi
397 2043 592 2126 negligenter
602 2046 695 2108 anilis.

99 2127 205 2188 illotus
219 2129 377 2208 morieris,
398 2130 556 2210 Oppiam·

477 2263 579 2325 XLlll

98 2372 177 2432 llum
190 2372 247 2432 tibi
261 2370 368 2432 felices
382 2371 558 2453 indulgent,
579 2375 733 2452 castrice,
754 2374 844 2434 Baiae

142 2457 285 2534 (lanaque
299 2454 472 2536 sulphureis
484 2458 616 2536 nympha
629 2462 751 2517 natstur
766 2459 867 2535 aquis,
939 2458 946 2465 ”

97 2539 153 2598 Me
167 2539 349 2599 Nomentani
364 2540 544 2599 confirmant
558 2541 619 2600 otia
634 2540 715 2599 ruris

140 2622 181 2680 nt
195 2641 262 2681 casa
275 2624 431 2701 ingeritur
444 2641 505 2695 non
519 2641 648 2683 onerosa
662 2624 733 2685 suis.

75 2704 168 2764 5Hcc
182 2704 256 2763 mihi
269 2706 374 2766 Baiani
389 2703 470 2767 soles
483 2704 645 2785 mollisque
658 2706 827 2783 Lucrinus,

141 2787 209 2847 Hoc
223 2788 297 2847 milri
311 2795 382 2849 sunt
394 2794 532 2867 vestrae,
556 2790 710 2870 castrice,
730 2789 861 2851 divitiae.

99 2868 256 2943 Quondam
270 2868 407 2933 laudatas
421 2891 602 2953 quocunque
614 2873 731 2936 libebat
744 2873 782 2934 ad
796 2872 893 2935 undas
1008 2879 1019 2897 “

140 2953 291 3032 Currere,
311 2972 369 3016 uec
382 2954 487 3037 longas
501 2959 696 3035 pertimuisse
709 2958 788 3037 viu,

96 3035 184 3094 Nunc
199 3038 283 3096 urbis
296 3039 395 3099 vicina
407 3041 510 3100 iuvant
523 3041 690 3121 facilesque
703 3060 863 3117 recessus,

57 3130 99 3180 10.
137 3120 179 3179 Et
193 3120 266 3179 satis
281 3127 343 3199 est,
363 3122 452 3201 pigra
467 3124 494 3182 si
507 3121 584 3183 licet
596 3142 665 3185 esse
681 3125 764 3184 mibi.

474 3256 578 3318 XLIV.

95 3367 220 3426 Festive
237 3366 338 3427 credis
350 3374 400 3445 te,
420 3368 614 3447 Galiiadurc,
634 3372 730 3429 iocari
757 3344 761 3360 ⁴

138 3450 179 3509 Et
192 3447 289 3510 solum
303 3448 399 3512 multa
413 3452 621 3532 permaduisse
635 3450 710 3512 sule.
