2264 3786
108 225 175 288 aaa
434 198 822 288 murcomannus

601 428 649 488 ΙΙΙ.

195 540 263 599 Non
277 541 391 599 urbana
404 557 472 598 mea
484 524 605 599 tautum¹
616 539 789 621 Pimpleidc
804 539 939 619 gaudent

238 623 323 700 Otia,
345 641 403 683 nec
418 623 519 682 vacuis
534 624 656 682 auribus
668 625 729 685 ista
744 622 865 701 damus,

198 706 262 766 Sed
276 725 360 766 meus
375 708 407 764 in
423 706 541 766 Geticis
556 705 594 766 ad
608 706 722 767 Martia
735 708 820 785 signa
834 708 959 787 pruinis

237 791 265 850 A
278 789 377 868 rigido
394 790 506 854 teritur
520 790 699 850 centurione
714 788 812 868 liber,
983 854 989 861 ,

176 874 317 935 5Dioitur
332 879 365 933 et
378 879 500 933 nostros
518 879 640 933 cantare
653 875 810 946 Britannia
824 885 942 933 versus.

239 955 319 1032 Quid
332 955 483 1036 prodest?
510 954 616 1016 Nescit
630 955 839 1017 sacculusista
851 969 949 1016 marus.¹

195 1040 338 1116 At'quam
353 1039 486 1097 victuras
499 1044 674 1117 poteramus
688 1057 823 1120 pangere
837 1040 960 1100 chartas

238 1122 416 1200 Quantaque
430 1120 532 1180 Pieria
545 1121 662 1202 praelia
676 1125 751 1183 flare
766 1124 873 1200 tuba,

196 1206 273 1266 Cum
287 1207 337 1284 pia
351 1202 544 1282 reddiderint
551 1206 723 1284 ‘Augutum
735 1208 857 1266 numina
870 1207 985 1282 terris,

154 1301 188 1351 lo
235 1290 275 1348 Et
288 1288 501 1349 Maecenatem
513 1289 539 1347 si
554 1290 631 1367 tibi,
647 1291 759 1368 Roma,
780 1289 905 1350 darent!

602 1423 654 1487 IV.

200 1535 293 1595 Sacra
305 1532 450 1610 laresque
462 1532 631 1611 Phrygum,
653 1551 729 1612 quoa
744 1532 857 1594 Troiae
872 1534 1086 1603 maluitberes

236 1619 330 1695 Quam
344 1635 455 1696 rapere
469 1636 589 1676 arsuras
603 1615 820 1677 Laomedontis
833 1636 927 1698 opes,
984 1612 987 1617 ’

181 1702 333 1782 'Scriptus
348 1707 381 1760 et
393 1707 520 1760 aeterno
534 1719 614 1760 nunc
627 1701 757 1780 primum
770 1699 909 1782 luppiter
926 1717 1016 1762 anro‘

78 1856 81 1861 ⁴
236 1787 277 1845 Et
291 1804 378 1844 soror
392 1791 425 1844 et
437 1785 544 1844 summi
557 1783 620 1844 iilia
633 1791 698 1843 tota
710 1784 824 1863 patris,
843 1846 852 1863 Ι

175 1869 239 1930 bEt
252 1870 304 1947 qui
316 1867 478 1948 purpureis
491 1869 549 1927 iam
563 1868 656 1928 tertia
668 1869 790 1927 uomina
806 1868 910 1945 fastis,
934 1884 938 1895 '

236 1953 325 2028 lane,
345 1950 446 2010 refers
459 1951 594 2025 Nervam
613 1970 667 2011 vos
680 1969 797 2030 precor
806 1970 861 2013 ore
874 1952 943 2030 pio:

195 2036 284 2094 Hunc
299 2051 402 2092 omnes
417 2041 536 2093 servate
551 2033 674 2112 ducem,
695 2041 813 2095 servate
828 2043 984 2109 senatnm;
1085 2096 1089 2105 ,

237 2117 377 2177 Moribus
391 2117 442 2175 iric
456 2117 535 2177 vivat
549 2118 712 2196 principis,
733 2115 789 2177 ille
803 2119 874 2180 suis.

603 2250 641 2311 V.

194 2362 293 2423 Tanta
308 2363 365 2424 tibi
382 2369 430 2424 est
442 2365 521 2424 recti
535 2365 726 2441 reverentia,
746 2366 874 2441 Caesar,
895 2371 929 2424 et
943 2366 1055 2443 aequi,

235 2448 353 2523 Quanta
368 2448 481 2508 Numae
496 2447 612 2508 fuerat:
634 2447 689 2509 sed
702 2449 797 2511 Numa
809 2465 926 2527 pauper
941 2455 1019 2508 crat.

193 2531 297 2591 Ardua
310 2550 362 2590 res
375 2532 451 2590 haec
465 2538 530 2608 est,
551 2534 658 2611 opibus
671 2551 733 2592 non
746 2530 870 2591 tradere
884 2549 987 2591 mores

234 2616 275 2674 lot
288 2633 355 2674 cum
369 2619 417 2673 tot
431 2615 562 2676 Croesos
577 2616 702 2692 viceris,
724 2631 791 2674 esse
805 2614 939 2688 Numam.

174 2698 230 2760 5δὶ
243 2696 372 2757 redeant
385 2703 523 2775 veteres,
543 2698 678 2776 ingentia
692 2697 827 2774 nomina,
849 2704 974 2777 patres,

235 2779 372 2858 Elysium
388 2779 482 2841 liceat
496 2783 522 2840 si
535 2801 662 2842 vacuare
676 2799 795 2841 nemus:

195 2864 243 2923 Te
257 2860 341 2923 colet
353 2863 481 2924 invictus
494 2883 550 2943 pro
566 2863 710 2924 libertate
726 2860 887 2939 Camillus,

236 2949 352 3007 Aurum
365 2945 541 3024 Fabricius,
562 2953 595 3007 te
610 2949 783 3023 tribuente,
803 2945 902 3020 rolet3

196 3032 243 3091 Te
259 3029 336 3090 duce
352 3028 494 3108 gaudebit
507 3031 634 3109 Brutus,
651 3032 708 3091 tibi
723 3029 808 3090 Sulla
821 3038 968 3092 cruentas

152 3128 185 3178 10
232 3115 394 3194 Imperium
409 3112 527 3191 tradet,
550 3134 616 3175 cum
631 3116 784 3194 positurus
799 3116 876 3189 erit;

191 3201 233 3260 Et
246 3207 278 3259 te
291 3200 408 3279 privato
423 3217 490 3257 cum
505 3198 635 3258 Caesare
650 3197 779 3275 Magnus
793 3200 919 3276 amabit,

232 3283 365 3343 Donabit
378 3287 457 3341 totas
472 3287 505 3341 et
518 3281 575 3341 tibi
589 3280 715 3340 Crassus
732 3300 814 3360 opes.

178 3368 256 3449 Ipse
274 3385 401 3449 quoque
416 3365 553 3428 infernis
565 3365 822 3424 resocatuabitas
831 3367 871 3423 ab
884 3368 1003 3426 umbria

216 3455 253 3514 Si
268 3456 350 3518 Cato
368 3451 547 3533 reddatur,
568 3448 777 3515 Caesarianus
790 3447 865 3503 aria.
