2264 3786
309 191 727 295 unxcxsxmxxonnxa.
742 234 793 297 vx.
935 206 949 221 ”
1006 234 1067 300 ιιι

168 386 210 445 Et
224 402 301 463 qnae
317 384 468 470 cecropia
485 390 587 444 monte
602 392 748 464 vagantur
762 406 852 466 apes,

104 469 274 546 {aquaeque
289 463 398 527 sonant
410 466 505 546 pleno
519 486 670 547 vocesque
685 488 851 549 manusque
865 472 1023 551 theatrc,‘

56 564 59 571 '
169 553 245 613 cum
258 548 387 631 pupulus
402 552 495 610 subiti
510 553 650 612 Caesaris
665 572 718 612 ara
731 551 823 614 videt.
928 590 931 599 ·

125 633 204 696 Nolo
220 639 295 714 qaut
308 639 414 712 arguto
432 634 520 694 dedit
533 641 657 695 exarata
671 634 794 696 Getullu

168 718 292 781 Lesbia:
310 737 405 797 pauca
419 719 520 798 cupit,
543 719 595 796 qui
608 737 770 780 numerare
783 726 896 801 potest.

493 884 617 947 xxxv.
634 834 636 841 ¹

126 1013 252 1092 Septem
268 1010 445 1092 clepsydras
460 1031 566 1091 magua
579 1013 637 1073 tibi
650 1032 725 1074 voce
739 1017 859 1095 petenti

168 1097 294 1155 Arbiter
307 1097 435 1173 invitus,
458 1095 651 1174 caeciliane,
672 1096 767 1158 dedIt.

126 1180 168 1238 At
181 1185 215 1238 tu
228 1178 323 1239 multa
338 1179 390 1239 diu
404 1179 489 1240 ducis
503 1180 671 1259 vitreisque
686 1187 843 1269 tepentem
967 1202 971 1223 ¹

168 1255 315 1342 Ampullis
329 1268 418 1342 potas
432 1263 633 1342 semisupinus
648 1283 763 1342 aquam

104 1346 169 1406 5Ut
182 1345 304 1406 tandem
318 1348 410 1407 saties
424 1364 590 1426 vocemque
605 1349 747 1427 sitimque
761 1366 917 1441 rogamus,

166 1429 226 1491 lam
242 1429 280 1492 de
295 1427 472 1511 clepsydra,
494 1428 683 1510 caeciliane,
705 1431 800 1494 bibas.

484 1594 620 1661 XXX.VI

128 1730 269 1794 Mentula
280 1738 344 1810 tam
360 1749 466 1809 magna
481 1737 544 1808 est,
560 1737 689 1810 quantus
704 1731 777 1808 tibi,
797 1728 919 1812 Paplle,
940 1750 1046 1810 nasus,

168 1817 211 1878 Ut
226 1817 341 1897 passis,
363 1815 506 1895 quotiens
523 1815 649 1893 arrigis,
670 1813 816 1875 olfacere.

475 1980 625 2044 XXXVII.

125 2097 210 2156 Secti
221 2093 342 2176 pcdicis
354 2113 451 2173 usque
466 2093 504 2154 ad
517 2091 693 2155 umbilicum

123 2178 229 2239 Nullas
242 2177 398 2256 relliquias
413 2178 507 2238 habet
522 2179 689 2254 Charinus,

123 2263 164 2322 Et
177 2264 278 2342 prurit
291 2268 392 2321 tamen
405 2279 507 2339 usque
516 2262 554 2320 ad
568 2261 749 2322 umbilicum.

125 2347 151 2404 0
166 2352 278 2425 quauta
292 2347 394 2404 scabie
408 2346 502 2404 miser
515 2342 651 2404 laborat!
707 2367 710 2370 ·

102 2428 232 2489 sculum
246 2428 430 2505 nonhabet,
452 2433 501 2487 est
516 2433 619 2487 tamen
634 2424 785 2486 cinaedus

354 2642 359 2649 .
473 2592 635 2656 XXXVIII.

122 2708 259 2786 Aspicis,
279 2714 313 2767 ut
326 2727 451 2788 parvus,
472 2724 531 2768 nec
545 2707 642 2767 adhuc
657 2704 820 2785 taleteride
834 2702 928 2787 plena
942 2698 946 2705 ’

163 2790 298 2870 Regulus
313 2791 446 2853 auditum
460 2789 567 2852 laudet
581 2792 694 2873 etipse
707 2791 852 2871 patrem?
941 2784 946 2799 '

121 2874 341 2953 Maternosque
355 2876 438 2935 sinus
451 2877 515 2941 ¹viso
527 2877 669 2954 genitore
683 2873 838 2955 relinquat
973 2887 978 2900 ·

162 2958 203 3018 Et
216 2960 331 3037 patrias
345 2956 453 3018 laudes
465 2961 578 3019 sentiat
592 2976 660 3018 esse
674 2958 765 3018 suasi
791 2978 798 2990 ι

99 3040 184 3100 5Iam
199 3040 314 3101 clamor
322 3050 508 3120 centumque
522 3043 580 3102 viri
595 3040 783 3119 densumque
797 3058 909 3099 ccrons

164 3123 279 3203 Volgus
294 3130 327 3185 et
338 3125 450 3184 infanti
464 3123 539 3184 Iulia
551 3131 634 3184 tecta
647 3122 780 3203 placent

123 3208 212 3267 Acris
226 3209 298 3287 equi
312 3206 435 3269 suboles
449 3227 555 3286 magno
572 3208 616 3267 sic
629 3205 757 3286 pulvere
772 3203 902 3283 gaudet,

164 3290 215 3350 Sic
228 3289 340 3351 vitulus
355 3290 440 3350 molli
453 3290 570 3370 praelia
584 3291 687 3350 fronte
702 3290 794 3368 cupit.

121 3373 176 3447 Di,
197 3381 330 3451 seruate,
349 3392 483 3454 precor,
505 3375 599 3436 matni
612 3371 939 3453 suavctapatniane,

66 3448 436 3521 10‘Audistutnatum
448 3459 613 3544 Regulus,
633 3458 697 3524 illa
711 3457 809 3523 duas
