2264 3786
291 181 625 244 urruunuusruu
638 183 710 244 niu.
724 162 774 244 iu.
1003 181 1043 247 7³

103 333 168 394 Nec
182 334 266 393 venit
278 334 376 393 inunis
390 333 521 393 rusticus
536 331 699 394 sulututor:
767 374 770 380 -

101 415 249 476 Fertilis
264 418 344 476 ceris
360 437 432 476 cuuu
448 437 515 475 cum
533 419 595 476 suis
609 415 703 475 mellu

60 508 95 561 35
101 501 279 578 Metumque
293 499 382 559 luetis
397 500 551 559 Sassinate
566 499 605 559 de
620 500 714 573 siivu3
812 515 815 521 ·

103 581 329 643 Somniculosos
348 581 403 642 ille
417 584 548 661 porrigit
559 582 670 660 glires,

102 667 163 726 Hic
173 667 344 745 vagientem
357 666 463 725 matris
477 664 615 745 hispidae
629 665 744 742 fetum,

103 747 192 808 Alius
206 754 327 808 cunctos
341 768 402 808 non
415 767 517 807 umere
533 766 673 828 capones.

101 833 143 891 iit
157 831 236 891 donu
249 839 376 892 metrum
390 833 501 890 vimine
514 832 648 892 offerunt
661 837 746 892 texto

61 914 244 977 meranden
256 917 421 995 proborum
434 915 568 993 virgines
581 913 768 978 colonorum.

102 1000 198 1058 Facto
212 1008 336 1059 vocatur
349 998 448 1058 luctus
462 1016 558 1077 opere
571 999 704 1072 vicinum

102 1080 169 1142 Nec
183 1100 270 1141 uvuru
284 1087 385 1142 servut
399 1082 545 1141 crastinus
560 1080 654 1160 depes
671 1099 792 1158 mensu,

102 1165 278 1225 Vescuntur
291 1183 396 1225 omnes
411 1166 558 1243 ebrioque
573 1182 635 1223 nou
648 1166 732 1224 novit

104 1247 195 1307 Satur
209 1249 349 1307 minister
361 1246 500 1307 invidere
516 1248 667 1327 convinne.
750 1302 758 1309 .

61 1331 142 1393 snut
154 1336 191 1389 tu
206 1331 260 1390 sub
275 1333 352 1390 urbe
366 1329 506 1410 possides
519 1331 630 1390 famem
645 1328 786 1388 mundum

102 1415 144 1472 iit
156 1421 243 1473 turre
257 1415 294 1474 ub
311 1412 373 1473 altu
385 1415 536 1494 prospicis
552 1431 652 1472 mersu
666 1410 785 1490 laurus,

100 1499 213 1556 Furem
226 1497 338 1577 Priapo
352 1516 413 1556 non
428 1498 555 1557 timente
572 1515 714 1570 securus;

101 1580 144 1643 Et
156 1576 318 1641 vinitorem
330 1581 415 1640 turre
429 1582 527 1659 poscis
542 1582 658 1640 urbano

101 1664 279 1743 Pictamque
293 1670 398 1745 portus
412 1667 527 1723 otiosus
542 1662 582 1723 ud
594 1661 697 1724 villum

59 1746 193 1823 editius,
214 1766 286 1826 ovs,
306 1746 422 1828 pullos,
442 1767 545 1826 poma,
568 1764 703 1821 cuneum,
719 1751 858 1807 mustum.
881 1762 890 1777 ⁸

69 1897 73 1904 .
100 1830 165 1892 Rus
177 1830 237 1889 boc
248 1832 351 1890 vocsri
366 1829 476 1907 debet,
497 1849 534 1889 sn
550 1828 655 1888 domus
667 1829 782 1906 louge?

489 1940 566 2004 uix,

103 2043 197 2102 Sutor
214 2040 307 2102 cerdo
324 2038 495 2118 deditum,
517 2038 598 2100 cultu
612 2040 763 2116 Bononio,
782 2058 906 2117 munus,

142 2123 234 2187 Fullo
250 2124 336 2186 dedit
349 2125 504 2185 Mutinae:
525 2124 675 2184 nuncubi
691 2143 766 2205 copo
782 2122 888 2184 dubit?

503 2259 566 2320 LX.

103 2356 180 2416 Cum
194 2373 285 2415 vocer
300 2353 454 2415 aduenam
464 2374 526 2415 non
543 2357 601 2415 ium
616 2354 731 2416 venulis
745 2360 778 2413 ut
793 2360 878 2431 unte,

143 2439 207 2496 Cur
221 2438 295 2497 mibi
308 2457 370 2496 non
385 2438 508 2516 eadem,
530 2458 607 2517 quse
619 2441 692 2515 tibi,
713 2432 787 2496 cens
802 2436 912 2495 datur?

101 2521 214 2580 Ostrea
228 2528 261 2581 tu
275 2522 367 2580 sumis
381 2527 486 2598 stagno
502 2528 635 2592 saturata
652 2521 800 2597 Lucrino,

144 2601 269 2681 Sugitur
282 2605 378 2663 inciso
393 2603 515 2663 mitulus
530 2622 584 2663 ore
599 2605 681 2663 mihi.

78 2685 180 2748 essunt
194 2687 252 2746 tibi
265 2684 378 2764 boleti,
396 2687 505 2764 fungos
520 2705 576 2766 ego
591 2706 675 2746 sumo
690 2686 810 2746 suillos:

82 2784 89 2793 ·
141 2770 204 2829 Res
216 2771 274 2829 tibi
288 2790 356 2831 cum
369 2771 496 2829 rhombo
514 2779 577 2849 est,
599 2771 716 2831 etmihi
732 2790 798 2831 cum
813 2769 944 2850 sperulu.

101 2854 222 2912 Aureus
236 2853 405 2913 immodicis
420 2860 522 2914 turtur
535 2861 568 2915 te
584 2853 722 2914 clunibus
736 2852 860 2935 implet,

141 2936 270 2995 Ponitur
283 2939 317 2997 in
332 2956 421 2997 cures
434 2945 551 2998 mortus
564 2941 632 3019 piru
645 2940 728 2997 mibi.

101 3019 164 3079 Gur
178 3019 244 3079 sin'e
259 3028 291 3080 te
307 3022 400 3099 c'e‘no,
421 3028 619 3100 eumenum,
639 3022 782 3095 Pontice,
805 3019 933 3079 cenem?

63 3113 94 3165 1⁰
139 3103 285 3184 Sportula
299 3103 379 3183 quod
393 3124 455 3164 non
470 3113 533 3182 est,
553 3107 667 3186 prosit:
687 3104 809 3165 edemus
824 3103 913 3164 idom.

101 3314 180 3375 Esse
193 3312 271 3374 nibil
287 3313 363 3374 dicis
378 3217 637 3394 quidquildxpdetis,
658 3314 795 3392 improbe
810 3313 922 3373 Cinnas

147 3396 256 3477 Sinti,
271 3398 385 3479 Cinna,
399 3400 496 3481 petis,
515 3399 559 3459 nil
572 3401 645 3474 tibi,
670 3399 780 3472 Cinna,
802 3413 891 3474 nego.
