2264 3786
49 666 52 678 .
306 555 752 688 autumabamus

39 769 46 781 ’
221 781 843 879 ΕΡΙΗΑΜΜΑΗΝ

453 955 613 1044 maha.

517 1183 539 1244 l

100 1268 275 1379 Barbarap
276 1297 445 1378 yramidum
459 1296 550 1358 sileat
565 1297 710 1358 miracula
724 1298 894 1381 Memphis,

142 1319 296 1462 Assyriusy
299 1384 395 1442 iactet
408 1399 467 1441 nec
481 1379 638 1460 Babylona
648 1379 754 1458 labor3

101 1467 165 1527 Nec
180 1467 304 1526 Triviae
319 1464 434 1544 templo
450 1463 561 1524 molles
576 1463 741 1526 laudentur
755 1467 859 1546 lones,
948 1482 951 1487 ’

141 1548 319 1609 Dissimulet
333 1549 434 1608 Delon
449 1550 593 1608 cornibus
607 1568 660 1609 ara
672 1550 835 1628 frequens;

72 1635 181 1695 bAdre
195 1651 254 1692 nec
268 1652 361 1692 vacuo
376 1632 544 1712 pendentia
555 1632 713 1693 Mausolea

119 1708 296 1778 Laudibus
307 1715 477 1776 immodicis
492 1714 588 1776 Cares
602 1718 634 1775 ln
648 1723 730 1776 astra
743 1717 853 1778 ferant.

100 1802 206 1861 Omnis
218 1800 369 1860 caesareo
383 1798 467 1859 cedit
479 1796 568 1859 labor
581 1800 832 1879 Amphitheatro,

139 1885 241 1945 Unum
252 1902 310 1964 pro
326 1885 442 1944 cunctis
454 1883 536 1952 fama,
545 1881 691 1963 loquetur
705 1902 788 1964 opus.

512 2018 547 2077 ll.

99 2134 159 2194 Hic
172 2135 226 2197 ubi
240 2133 380 2195 sidereus
392 2137 519 2216 propius
532 2133 617 2195 videt
632 2142 713 2195 astra
727 2134 862 2197 colossus

139 2219 181 2279 Et
195 2225 338 2278 crescamt
348 2218 448 2278 media
461 2227 602 2298 pegmata
610 2218 696 2279 vcelsa
706 2220 770 2297 via,

98 2301 250 2362 Invidiosa
260 2302 322 2361 feri
335 2301 494 2362 radiabant
509 2304 586 2363 atria
603 2305 685 2381 regis

140 2385 269 2464 Unaque
282 2385 342 2445 iam
355 2392 421 2446 tota
432 2387 533 2446 stabat
546 2388 578 2445 in
592 2387 669 2445 urbe
685 2384 799 2446 domus.

69 2479 85 2528 5
98 2467 159 2528 Hic
172 2469 225 2529 ubi
239 2470 395 2549 conspicui
408 2466 595 2528 venerabilis
609 2469 837 2548 Amphitheatri

139 2551 279 2630 Erigitur
291 2551 404 2630 moles,
426 2560 531 2628 stagna
542 2551 675 2610 Neronis
689 2560 786 2615 erant.

97 2634 159 2694 Hic
171 2636 225 2695 ubi
238 2637 382 2696 miramur
393 2633 510 2695 velocia
525 2653 651 2694 munera
665 2636 817 2714 thermas,
838 2676 845 2685 ·

137 2717 318 2779 Abstulerat
332 2720 452 2779 miseria
466 2725 550 2779 tecta
562 2720 710 2799 superbus
722 2739 804 2798 agar.

98 2799 227 2862 Claudia
238 2801 364 2863 diffusas
377 2804 429 2862 ubi
441 2804 579 2883 porticus
593 2801 726 2882 explicat
737 2804 874 2881 umbras,

56 2893 90 2944 10
137 2883 254 2946 [lltima
267 2905 338 2965 pars
350 2884 436 2946 aulae
448 2885 621 2947 deficientia
635 2892 712 2952 er'at

23 2953 42 2978 ⁸
98 2966 230 3028 Reddita
241 2969 337 3030 Roma
350 2971 410 3030 sibi
422 2976 470 3029 est
485 2976 516 3029 et
529 2978 599 3029 suut
610 2977 642 3030 te
656 2969 815 3050 praeside,
837 2971 965 3048 Caesar,

140 3049 277 3113 Deliciae
289 3051 412 3133 populi,
430 3071 507 3131 quae
518 3053 642 3112 fueram
656 3053 779 3116 domini

502 3186 550 3248 ΙΙΙ.

97 3299 183 3375 Quae
196 3310 259 3362 tam
270 3304 406 3382 seposita
420 3311 483 3381 est,
505 3321 583 3382 quae
593 3312 739 3381 genstam
751 3304 894 3391 barbara,
917 3305 1039 3383 Caesar,
1098 3273 1102 3279 ¹

140 3384 186 3447 Ex
199 3404 258 3463 qua
271 3393 426 3467 spectator
436 3405 498 3447 non
510 3388 571 3449 sit
561 3406 593 3446 ru
604 3388 681 3448 urbe
694 3387 767 3447 tua?

55 3465 162 3529 Manu.
827 3469 855 3531 b
