2264 3786
259 215 594 280 umummmuou
607 217 680 280 mu.
694 218 734 280 x.
950 220 1013 285 uuo
1109 188 1114 193 ’

66 375 127 436 iiic
141 390 200 451 ego
215 368 288 450 quid
302 369 434 431 faciam?
456 368 529 448 quid
542 371 647 449 nobis,
668 370 782 450 Paule,
803 371 969 453 relinquis,

108 459 167 534 Qui
181 455 220 516 de
233 452 326 535 plebe
341 456 456 514 Numae
471 453 627 532 densaque
641 457 731 515 turba
744 459 869 516 snmus?

45 545 127 619 eqni
140 559 189 600 me
203 540 367 619 respiciet,
389 536 542 596 dominum
556 556 723 617 regemque
736 543 873 602 vocabo?

107 627 175 685 Hoc
193 631 242 702 tu,
262 621 319 682 sed
333 627 444 700 quanto
461 620 616 682 blandius!
635 624 702 702 ipae
715 625 801 685 facis.

64 702 219 769 Lecticam
234 704 378 767 sellamve
394 706 526 782 aequari
543 724 601 765 nec
614 705 700 766 ferre
717 726 857 786 recusas,

106 793 168 852 Per
182 788 315 850 medium
329 808 445 869 pugnas
464 788 520 849 sed
532 791 618 869 prior
633 791 694 849 isac
708 789 816 852 lutum.

65 877 194 955 Saepius
209 892 361 952 assurgam
375 875 518 933 recitanti
533 874 688 933 earmina?
709 882 743 933 tu
755 881 818 933 stas

25 971 60 1022 10
108 959 150 1019 nt
162 959 280 1039 pariter
294 958 429 1035 geminas
444 956 546 1038 tendis
560 957 593 1014 iu
610 975 665 1016 ora
680 976 793 1017 manus.

66 1042 148 1121 Quid
162 1042 257 1101 faciet
270 1059 403 1120 pauper,
423 1041 472 1100 cui
486 1059 548 1099 non
562 1038 639 1099 licet
654 1059 722 1100 esse
739 1041 869 1102 clienti?

107 1127 230 1186 DimIsit
243 1131 363 1184 nostrus
377 1143 512 1205 purpura
525 1128 627 1183 vestra
640 1131 735 1203 togas.

472 1257 515 1318 XI

64 1376 117 1438 Nil
132 1375 214 1438 aliud
227 1376 379 1457 loqueris,
401 1396 489 1454 quam
504 1376 628 1436 Thesea
640 1376 888 1458 Pirithoumque,

109 1463 217 1539 Teque
230 1467 319 1542 putas
335 1459 459 1540 Pyladi,
483 1459 675 1538 Calliodore,
694 1480 809 1541 parem.

65 1546 263 1625 Dispeream,
284 1547 310 1604 si
325 1551 359 1605 tu
372 1543 480 1624 Pyladi
493 1551 653 1624 praestare
660 1545 823 1611 matellam

109 1630 225 1707 Dignus
239 1646 273 1688 es
287 1634 339 1688 aut
351 1647 462 1708 porcos
475 1646 604 1708 pascere
617 1629 758 1692 Pirithoi.

41 1712 206 1791 5„Donavi
220 1713 344 1772 tamen“
359 1712 462 1790 inquis
476 1713 593 1790 „amico
607 1712 692 1771 milia
704 1714 839 1792 quidque

108 1797 150 1856 Et
163 1794 258 1855 lotam
271 1802 306 1855 ut
318 1795 444 1856 multum
459 1801 569 1872 terque
583 1803 751 1874 quaterque
766 1795 900 1874 togam.“

66 1879 163 1957 Quid,
186 1878 267 1958 qnod
280 1878 326 1939 nil
340 1898 471 1956 unquam
484 1876 618 1956 Pyladea
634 1877 756 1937 donavit
770 1878 920 1939 Orestae:

109 1963 169 2039 Qui
183 1962 276 2023 donat
290 1954 427 2043 quamvis
438 1961 585 2041 plurima,
604 1959 692 2043 plura
704 1969 806 2042 negat.

465 2096 529 2158 XII.

66 2210 216 2271 Aemiliae
233 2215 341 2288 gentes
356 2214 390 2268 et
401 2207 582 2289 Apollineas
599 2207 778 2288 Vercellas,

110 2297 151 2355 Et
165 2293 371 2354 Phaethontei
385 2295 437 2371 qni
451 2295 532 2372 petis
549 2311 617 2351 arva
632 2292 723 2370 Padi,

66 2379 114 2438 Ne
128 2380 240 2455 vivam,
260 2378 387 2454 uisite,
408 2377 539 2454 DomItl,
561 2375 681 2434 dimitto
695 2377 849 2453 libenter,

111 2462 206 2522 Grata
217 2458 294 2520 licet
309 2460 377 2521 siue
392 2465 425 2518 te
441 2461 482 2519 ait
497 2460 571 2518 mihi
586 2456 671 2517 nnlla
684 2458 760 2518 dics.

67 2545 131 2606 Sed
145 2543 332 2604 desiderium
345 2544 424 2602 tanti
438 2548 502 2618 est,
523 2548 559 2600 ut
572 2559 672 2599 messe
685 2540 736 2600 rel
751 2561 810 2601 uua

24 2653 28 2665 ¹
108 2629 234 2688 Urbano
248 2628 368 2687 releves
383 2624 462 2685 colla
478 2628 604 2705 perusta
619 2624 699 2701 iugo.
905 2696 911 2705 Ι

66 2713 80 2771 l
95 2729 208 2791 precor
222 2717 255 2771 et
265 2717 350 2770 totos
364 2709 451 2769 avida
464 2714 535 2767 cute
549 2708 689 2767 combibe
704 2707 794 2769 soles.
922 2727 923 2732 ¹

111 2794 138 2854 0
153 2814 242 2872 quam
255 2795 423 2871 formosus,
439 2791 516 2852 dnm
529 2792 728 2872 peregrinus,
751 2794 828 2853 cria!

68 2878 229 2938 niventes
246 2876 322 2937 albis
335 2896 396 2936 uon
410 2873 621 2955 agnoscendus
636 2877 740 2937 amicis
814 2923 817 2927 .

24 2970 61 3024 10
98 2961 291 3039 Livebitque
303 2963 365 3021 tuia
379 2958 496 3041 pallida
509 2961 600 3020 turba
614 2960 715 3036 genis!

68 3044 132 3105 Sed
146 3046 195 3104 via
211 3063 301 3123 quem
316 3044 455 3121 dederit,
477 3042 578 3131 rapiet
592 3042 654 3101 cito
670 3043 765 3103 Roma
781 3041 931 3119 colorem,

109 3128 228 3190 Niliaco
245 3127 355 3189 redeas
375 3135 410 3188 tu
425 3128 501 3189 licet
520 3145 574 3207 ore
590 3125 688 3204 niger.

462 3260 540 3323 XIII.

69 3375 146 3436 Cum
163 3371 398 3434 cathedralieios
414 3378 522 3455 portet
538 3371 600 3434 tibi
614 3369 698 3432 reda
708 3369 878 3430 ministras

101 3457 147 3517 Et
158 3457 257 3537 Libys
268 3459 302 3517 in
320 3456 417 3538 longo
430 3456 570 3542 pulvera
584 3457 687 3521 sudet
705 3470 833 3539 eques,
1089 3432 1116 3533 ..d
