2264 3786
72 192 163 293 ‘roa
395 210 462 292 'aa
477 229 569 292 van.
584 228 806 292 nonanus
840 224 843 231 ’
895 245 896 248 ¹

151 457 153 461 7
186 381 275 458 Quod
288 383 314 442 si
327 379 407 442 ludis
422 381 521 443 adhue
535 382 691 462 semelque
704 385 787 443 nasei

185 467 254 527 Uno
268 467 327 528 iam
341 468 398 527 tibi
412 485 475 526 uon
488 472 534 526 sat
548 472 596 526 est
610 468 642 526 in
657 485 764 544 anno,·

115 603 120 608 .
185 550 294 610 Natum
307 557 355 628 te,
377 549 484 628 Clyte,
505 560 562 609 nee
576 549 672 610 semel
685 552 806 630 putabo.

566 682 659 746 LXV.
722 728 724 733 ψ

186 794 244 857 Hic
259 798 310 856 nbi
322 793 478 855 Fortunae
494 793 627 855 Reducis
641 793 790 874 fulgentia
803 793 867 855 late

228 876 358 959 Templa
370 880 487 956 nitent,
507 877 583 938 felix
595 897 667 938 area
679 896 778 958 nuper
793 885 876 954 erat3
951 910 954 914 ·

187 965 246 1023 Hie
257 964 350 1023 ‘stetit
363 963 470 1021 Arctoi
483 962 634 1022 formosus
648 960 776 1042 pulvere
789 961 865 1022 belll
885 986 888 991 ’

229 1049 420 1126 Purpureum
437 1045 569 1105 fundens
585 1047 698 1106 Caesar
712 1047 749 1104 alr
765 1062 819 1106 ore
832 1047 939 1122 luban

164 1131 245 1192 5Hic
259 1129 346 1189 lauru
359 1128 501 1189 redimita
515 1149 615 1188 eomas
629 1135 662 1189 et
675 1128 803 1189 eandida
817 1130 901 1191 eultu

221 1213 322 1272 ‘Roma
336 1210 478 1273 salutavit
490 1232 565 1272 voce
580 1231 729 1291 manuque
744 1211 842 1277 deum.

186 1296 310 1358 Grande
324 1297 385 1356 loci
397 1298 539 1357 meritum
553 1302 707 1357 testantur
715 1295 864 1358 *etaltera
879 1296 974 1358 dona:

230 1380 298 1440 Stat
311 1399 398 1440 saeer
412 1386 445 1441 et
459 1379 582 1441 domitis
600 1378 741 1459 gentibus
756 1400 842 1440 arcus
858 1387 935 1443 ovat.

186 1465 245 1524 Hic
260 1464 373 1542 gemini
389 1482 495 1524 currus
514 1470 675 1524 numerant
690 1462 853 1543 elephanta
866 1465 1078 1546 frequentem,

147 1556 182 1610 10
230 1547 352 1609 Sufficit
364 1549 519 1608 immensis
534 1566 643 1608 aurens
656 1549 724 1627 ipso
737 1549 824 1626 iugis.
842 1557 854 1618 '.

186 1615 271 1692 Haec
286 1637 334 1693 est
349 1631 440 1710 digna
453 1633 531 1710 tuis,
554 1633 751 1708 Germanice,
772 1636 861 1710 porta
875 1633 1055 1714 triumphis;
1115 1618 1122 1629 ’

227 1716 293 1777 llos
309 1715 408 1776 aditus
423 1718 530 1776 urbem
544 1716 654 1778 Martis
669 1716 784 1775 habere
799 1715 899 1780 decet.

567 1847 672 1913 LXVI.

187 1967 323 2044 Angusto
338 1965 389 2044 pia
402 1970 471 2023 tura
486 1963 683 2042 victimasque

185 2051 247 2110 Pro
261 2054 363 2108 vestro
379 2046 450 2107 date
465 2047 556 2124 Silio,
579 2047 737 2107 Camenae.

108 2119 118 2137 ⁵
187 2133 240 2191 Bis
255 2150 344 2191 senos
357 2131 445 2190 iubet
459 2149 498 2189 en
512 2129 617 2190 redire
630 2130 746 2207 fasces,

185 2214 263 2275 Nato
279 2212 418 2291 consule,
435 2212 593 2292 nobilique
606 2214 692 2291 virga

165 2300 275 2360 tVatis
290 2296 451 2359 Castaliam
466 2296 587 2371 domum
602 2315 722 2356 sonare.

186 2383 300 2443 Rerum
314 2383 412 2462 prima
424 2380 504 2443 salus
520 2386 552 2441 et
565 2398 624 2440 una
639 2382 770 2457 caesar,

187 2466 341 2527 Gaudenti
355 2471 497 2545 superest
509 2464 607 2525 adhue
622 2463 704 2542 quod
719 2468 824 2544 optet,

185 2549 275 2610 Felix
288 2567 423 2630 purpura
435 2550 607 2628 tertiusque
623 2545 739 2609 consul.

186 2635 332 2712 Pompeio
349 2632 473 2693 dederit
486 2631 562 2691 licet
576 2639 699 2692 senatus

146 2718 229 2778 10Et
243 2718 356 2777 Caesar
370 2735 484 2795 genero
500 2735 602 2776 sacros
615 2717 767 2792 honores,

188 2802 322 2876 Quorum
336 2801 479 2878 pacificus
494 2805 544 2859 ter
559 2798 714 2880 ampliavit

187 2885 275 2943 lanus
289 2884 424 2943 nomina:
447 2883 538 2943 Silius
554 2884 735 2962 frequentes

186 2966 304 3029 Mavolt
315 2968 359 3027 sie
371 2985 532 3027 numerare
549 2965 730 3026 consulatus.

561 3090 680 3156 LXVII.

186 3207 286 3267 Horas
300 3208 434 3286 quinque
448 3226 527 3287 puer
543 3206 676 3266 nondum
691 3205 750 3265 tibi
761 3203 900 3281 nunciat,
915 3209 949 3265 et
960 3209 996 3263 tu

227 3291 288 3350 lam
303 3293 427 3351 conviva
439 3292 529 3368 mihi,
551 3289 744 3366 Caeciliane,
765 3289 866 3365 venis,

176 3374 255 3434 Uum
271 3375 366 3437 modo
382 3375 565 3438 distulerint
578 3391 691 3435 raueae
703 3371 877 3432 uadimonia
887 3378 1013 3446 quartae
1075 3398 1078 3403 ¹

171 3479 177 3485 ·
205 3459 255 3520 Et
268 3460 467 3528 Floralicias
479 3461 586 3527 lasset
596 3460 723 3523 harena
730 3457 831 3519 taras.
