2264 3786
300 197 634 260 EPIGRAMMATON
645 199 720 262 Llll.
735 201 771 261 X.
984 196 1045 261 251

81 351 268 427 olunonem,
288 347 460 429 Polyclito,
482 368 566 410 suam
579 352 639 411 nisi
655 351 753 412 frater
768 359 897 429 amaret,

146 435 291 494 lunonem
306 439 429 513 poterat
444 434 542 494 frater
558 453 659 495 amare
673 441 762 496 tuam.

501 566 565 627 xc.
599 550 601 557 ’

105 677 187 757 Quid
202 675 290 737 vellis
303 674 454 755 vetulum,
474 676 577 755 Ligdo,
599 679 763 739 cunnum‘i·

106 761 188 838 Quid
201 761 283 820 busti
297 760 418 821 cineres
431 762 476 820 tui
492 759 640 821 lacessis?

105 844 200 906 'l'ales
214 841 380 905 munditiae
393 842 505 903 decent
517 843 646 924 puellas.
710 870 713 875 ·

105 923 230 988 Nam-tn
242 928 301 986 iam
315 944 373 986 neo
388 945 462 987 anus
475 934 564 1007 potes
577 927 685 988 videri.

83 1010 213 1088 slstud5
230 1008 322 1070 orede
336 1009 426 1087 mihi,
446 1008 548 1088 Ligna,
568 1009 652 1070 belle

104 1095 174 1154 Non
189 1099 286 1153 muter
299 1093 374 1152 lusit
385 1092 546 1171 Hectoris,
568 1092 624 1152 aed
637 1112 720 1154 uxor.

104 1179 217 1254 Erras,
239 1177 266 1236 si
280 1177 338 1236 tihi
351 1194 466 1236 suanus
480 1177 531 1236 lric
545 1175 688 1257 videtur,¹

105 1260 156 1322 Ad
171 1279 260 1338 quem
274 1258 408 1319 mentula
420 1260 580 1340 pertinere
595 1259 684 1323 desit.
797 1268 800 1273 “

105 1346 208 1420 Quare
222 1344 248 1403 ai
264 1340 364 1423 pudor
377 1348 441 1421 est,
461 1342 563 1420 Ligdo,
583 1340 648 1402 noli

62 1429 234 1492 10Barbam
246 1423 365 1487 vellere
381 1433 501 1487 mortuo
517 1423 610 1486 leoni.

496 1558 573 1620 xci.

108 1673 222 1732 Omnes
237 1671 391 1731 eunuchos
405 1671 499 1731 habet
512 1670 618 1749 Almo,
639 1688 697 1731 neo
712 1671 819 1749 arrigit
831 1672 916 1755 ipae,

109 1790 112 1796 ,
149 1756 189 1814 Et
206 1755 361 1833 queritur,
380 1754 479 1835 pariat
492 1753 573 1833 quod
588 1773 641 1813 sua
653 1750 741 1813 Polla
753 1754 840 1818 nihil.

496 1886 585 1948 thll.

106 1999 206 2077 Mari,
227 2001 348 2079 quietae
363 1999 462 2062 cultor
475 2007 507 2061 et
521 2019 622 2061 eomes
636 2002 731 2079 vitae,

109 2082 176 2158 Quo
191 2083 255 2143 eive
269 2084 370 2164 prisea
385 2081 535 2163 gloriatur
548 2085 654 2163 Atina,
784 2090 787 2095 “
806 2069 813 2089 ⁸
888 2148 890 2155 ,

108 2167 173 2224 Has
189 2167 246 2227 tibi
259 2165 403 2245 gemellas
417 2168 539 2229 barbari
555 2167 647 2227 decus
661 2165 724 2228 luci

109 2249 296 2313 Commendo
311 2251 400 2331 pinus
415 2249 562 2330 ilicesque
578 2252 751 2313 Faunorum

85 2334 152 2395 5Et
166 2333 332 2394 semidocta
345 2333 427 2394 vilici
440 2332 674 2399 manustruotas

109 2416 259 2477 Tonantis
276 2437 342 2476 aras
357 2417 536 2496 horridique
554 2418 681 2494 Silvani,

109 2501 191 2575 Quas
207 2501 304 2579 pinxit
318 2502 386 2579 agni
401 2519 492 2579 saepe
507 2502 626 2578 sanguis
641 2506 692 2558 aut
707 2497 815 2575 haedi,

107 2583 327 2662 Dominamque
342 2584 438 2643 saneti
451 2584 598 2661 virginem
613 2582 700 2642 deam
713 2580 838 2663 templi,

110 2667 152 2726 Et
167 2685 257 2745 quem
271 2669 385 2727 sororis
402 2668 554 2746 hospitem
568 2666 654 2725 vides
672 2672 772 2725 uastae
810 2690 816 2695 ·

66 2761 102 2811 10
110 2750 244 2810 Martem
258 2769 392 2811 mearum
407 2751 578 2831 prinoipem
592 2747 814 2828 Kalendarum,
853 2802 855 2807 .

109 2834 152 2893 Et
167 2833 316 2893 delicatae
330 2833 467 2894 laureum
480 2836 585 2893 nemus
602 2832 730 2908 Florae,
853 2882 858 2892 ,

109 2917 145 2976 ln
161 2916 242 2994 quod
255 2914 366 2997 Priapo
381 2923 587 2997 persequente
602 2917 747 2996 confugit.

109 3000 179 3065 Hoc
197 3019 285 3060 omne
301 3000 392 3079 agelli
407 2998 481 3061 mite
497 2999 616 3080 parvuli
629 3019 740 3060 numen

110 3084 173 3143 Seu
188 3090 221 3143 tu
237 3103 364 3163 cruore,
386 3086 448 3145 sive
464 3091 535 3144 ture
547 3081 697 3167 placabist

67 3176 102 3230 15
110 3168 314 3247 „Ubicunque
328 3174 431 3228 uester
447 3165 599 3231 Martialis
615 3166 701 3229 est.“
723 3163 824 3240 dices,

110 3251 214 3329 ‚‚Hac‚
236 3269 325 3327 ecee,
346 3270 462 3311 meeum
479 3250 604 3310 dextera
617 3248 687 3308 litat
699 3248 785 3313 vobis

109 3336 231 3394 Absens
249 3333 408 3408 sacerdon
428 3354 480 3392 vos
496 3339 601 3413 putate
616 3337 815 3414 praesentem

107 3420 153 3480 Et
165 3418 236 3477 date
250 3417 368 3502 duobus
383 3414 536 3499 quidquid
546 3415 634 3509 alter
649 3414 806 3498 apostatos
932 3472 935 3479 ,
1017 3454 1110 3564 '-
