2264 3786
90 185 150 248 ιιι
406 140 794 291 murcomannus

543 346 659 448 axxn.

70 560 79 576 ,
170 496 482 561 Frustra·Blan‹litiae
494 501 605 560 venitis
619 499 658 559 ad
670 518 719 560 me

171 584 295 643 Attritis
310 583 500 643 miserabiles
514 581 645 643 labellis.

171 667 313 727 Dicturus
328 665 480 726 dominum
495 666 645 746 deumque
661 685 722 725 non
738 682 813 751 sum.

169 749 230 808 lam
245 768 308 808 non
322 755 369 808 est
382 747 468 810 locus
482 751 539 810 hac
555 752 586 809 in
601 751 678 809 urbe
691 748 792 822 vobis3

148 832 218 895 anu
230 832 361 892 Parthos
374 831 482 912 procul
495 835 539 892 ite
552 833 682 912 pileatos

168 917 209 974 Et
222 922 329 994 turpes
348 916 538 994 humilesque
552 914 770 995 supplicesque

170 1000 327 1058 Pictorum
341 996 406 1056 sola
420 999 535 1058 basiate
550 1016 665 1076 regum.

168 1081 236 1141 Non
251 1086 299 1139 est
312 1082 362 1139 hic
377 1080 531 1157 dominus,
553 1079 608 1141 sed
622 1083 806 1160 imperator,

168 1164 232 1224 Sed
244 1164 425 1223 iustissimus
442 1166 574 1224 omnium
589 1171 726 1241 senator,
849 1181 851 1185 ’

128 1249 226 1310 lol'er
242 1265 332 1325 quem
345 1245 383 1307 dc
398 1247 503 1326 Stygia
517 1247 606 1309 domo
619 1246 747 1308 reducta
762 1254 811 1307 est
890 1320 893 1325 .
968 1256 972 1263 ‘

167 1331 263 1401 Siccis
278 1331 391 1389 rustica
406 1330 529 1392 Veritas
544 1329 670 1411 capillis.

166 1414 233 1474 Hoc
248 1416 302 1471 sub
316 1414 473 1494 principe,
496 1415 631 1494 simpla,
654 1421 775 1490 caveto,

166 1497 295 1573 Verbis,
316 1497 426 1575 Roma,
446 1499 600 1576 prioribus
613 1496 760 1575 loquaris.

530 1628 661 1704 LXXIII.

56 1758 64 1762 ··
167 1741 286 1801 Littera
298 1741 421 1802 facundi
438 1749 556 1822 gratum
570 1743 644 1801 mibi
656 1737 868 1821 pignns'amici

151 1818 156 1838 ¹
207 1824 357 1903 Pertulit,
375 1826 527 1886 Ausoniae
544 1824 623 1884 dona
637 1826 768 1905 superba
781 1833 887 1904 togae,

168 1907 233 1984 Qua
246 1928 308 1969 non
320 1908 495 1986 Fabricius,
518 1908 573 1968 aed
587 1907 682 1969 vellet
696 1909 820 1988 Apicius
837 1911 898 1987 nti,

207 1989 313 2051 Vellet
327 1993 490 2051 Maecenas
504 1993 702 2052 Caesarianus
717 2010 821 2070 eques.

146 2071 270 2134 5Vilior
286 2075 362 2134 haec
378 2076 466 2133 nobis
483 2073 542 2134 alio
558 2076 700 2135 mittente
714 2076 837 2141 fuisset:

207 2156 276 2215 Non
290 2154 467 2234 quacunque
483 2177 572 2216 manu
589 2158 709 2218 victima
715 2177 810 2235 caesa
821 2157 903 2222 litat.

165 2240 193 2298 A
207 2245 240 2298 te
254 2240 345 2299 missa
356 2242 449 2304 venit.
482 2242 608 2301 Possem
621 2242 680 2300 nisi
694 2261 800 2302 munus
815 2262 933 2322 amare,

206 2322 327 2400 Marce,
341 2329 441 2401 tuum,
459 2332 597 2404 poteram
611 2343 722 2384 nornen
737 2345 838 2386 amare
854 2345 965 2389 meum.

165 2405 295 2465 Munere
311 2406 367 2466 sed
380 2407 448 2486 plns
463 2414 511 2467 est
525 2409 691 2467 etnomine
706 2411 820 2486 gratius
837 2411 903 2490 ipso

125 2499 159 2549 10
206 2489 348 2575 Officium
362 2489 445 2551 docti
461 2491 666 2570 iudiciumque
682 2494 749 2551 viri.

529 2637 661 2701 LXXIV.

89 2740 99 2763 ¹
164 2745 225 2802 lam
238 2764 330 2823 parce
344 2745 440 2824 lasso,
461 2749 570 2827 Roma,
593 2748 789 2828 gratulatori,

163 2826 257 2885 Lasso
274 2827 386 2888 clienti.
418 2831 565 2906 Quamdiu
580 2831 726 2893 salutator

163 2909 420 2970 Anteambulones
435 2919 467 2971 et
480 2914 631 2992 togatulos
646 2918 730 2976 inter

165 2993 293 3052 Centum
306 2996 449 3054 merebor
462 2995 621 3075 plumbeos
636 2996 687 3057 (lie
701 3004 784 3076 toto,
820 2989 822 2993 ¹

25 3101 27 3106 ·
142 3076 242 3136 ocum
256 3076 389 3157 Scorpus
402 3098 460 3138 una
475 3079 647 3156 quindecim
662 3100 768 3159 graves
784 3083 860 3143 hora
959 3101 961 3105 ’

162 3159 329 3220 Ferventis·
340 3163 406 3233 auri
419 3158 515 3222 victor
529 3163 647 3223 auferat
661 3165 786 3224 saccos?

162 3241 229 3301 Non
244 3261 300 3321 ego
314 3263 449 3304 meorum
461 3248 627 3325 praemium
640 3245 829 3325 libellorum,

163 3359 200 3368 —
217 3326 295 3402 Quid
311 3329 392 3388 enim
407 3331 586 3391 merentur?
601 3361 645 3378 —
657 3330 794 3410 Appnlos
809 3329 902 3393 velim
917 3352 1060 3418 campos;

144 3407 217 3469 Non
230 3412 354 3496 Hybla,
376 3435 442 3478 non
456 3436 508 3481 me
523 3415 652 3501 spiciler
668 3412 873 3496 sapientias,
