2264 3786
417 196 461 258 Μ.
477 195 568 258 VAL.
585 195 810 257 MARTIALIS

184 349 280 410 Venit
294 350 331 408 ab
346 347 471 428 Orpheo
485 346 584 407 cultor
597 347 793 428 Rhodopeius
807 349 942 426 Haemo,

225 433 320 494 Venit
334 439 367 491 et
381 439 473 511 epoto
490 432 741 510 Sarmata'pastus
756 451 853 511 equo,

161 517 225 577 alit
236 517 289 594 qui
300 517 398 596 prima
409 516 488 575 bibit
499 513 644 594 deprensi
658 517 781 575 flumina
792 516 873 593 Nili,

224 599 265 659 Iit
277 617 365 676 quem
377 617 537 678 supremae
552 599 690 678 Tethyos
705 598 786 658 unda
795 601 889 674 ferit,

181 683 351 743 Festinavit
364 683 480 761 Arabs,
500 682 686 743 festinavere
699 682 825 762 Sabaei,

224 767 266 826 nt
280 767 392 826 Cilices
409 767 519 826 nimbis
534 767 585 824 hic
598 764 743 825 maduere
756 768 827 828 suis.

183 850 329 909 Crinibus
341 850 373 909 in
385 848 498 909 nodum
514 850 590 909 torti
603 868 717 909 venere
732 848 896 925 Sica-bri,

143 945 184 997 10.
224 935 326 1010 Atque
337 933 428 992 aliter
442 934 534 992 tortis
550 933 684 992 crinibus
697 934 876 1013 Aethiopes.

182 1018 251 1080 Vox
265 1013 386 1076 diversa
400 1022 487 1075 sonat
500 1014 698 1095 populorum,
714 1022 779 1076 tum
792 1024 895 1077 tamen
906 1037 965 1076 una
980 1024 1042 1094 est,

225 1100 301 1160 Cum
315 1117 404 1160 verua
419 1100 537 1180 patriae
552 1098 665 1160 diceris
680 1118 749 1160 esse
762 1108 860 1180 pater.

587 1233 639 1296 IV.

185 1350 291 1411 Turba
307 1351 407 1430 gravis
419 1351 488 1431 paci
502 1348 701 1430 placidaeque
715 1351 837 1411 inimica
852 1352 968 1430 quieti,

164 1472 167 1476 -
226 1435 310 1510 Quae
324 1452 446 1515 semper
459 1434 587 1495 miseras
603 1433 789 1495 sollicitabat
802 1453 893 1514 opes,

185 1516 313 1577 Tradita
328 1517 484 1594 Gaetulis,
497 1536 556 1578 nec
570 1520 654 1598 cepit
667 1519 783 1578 harena
796 1525 964 1578 nocentes:

221 1600 266 1663 Et
282 1600 403 1663 delator
417 1602 510 1663 habet
524 1601 606 1680 quod
620 1601 711 1664 dabat
724 1601 857 1664 erilium.

182 1938 293 2003 Exulat
306 1941 441 1999 Ausonia
454 1939 601 2018 profugus
617 1936 736 1998 delator
751 1939 787 1998 ab
799 1939 892 1998 urbe:

222 2023 309 2083 Haec
322 2022 399 2081 licet
411 2023 558 2101 impensis
570 2023 719 2102 principis
734 2040 927 2083 annumeres.

591 2156 628 2217 V.

180 2275 317 2334 lnncmm
332 2273 502 2352 Pasiphaen
517 2273 644 2333 Dictaeo
659 2273 778 2334 credite
791 2279 895 2333 tauro:

224 2355 380 2433 Vidimus,
399 2357 517 2436 accepit
530 2355 633 2416 fabula
646 2359 747 2438 prisca
761 2356 863 2420 fidem.
946 2404 949 2410 .
1013 2352 1018 2359 ’

179 2440 246 2500 Nec
260 2458 294 2500 se
307 2441 453 2516 miretur,
468 2440 597 2519 Caesar,
615 2440 760 2520 longaeva
776 2445 927 2500 vetustas:
974 2492 978 2501 .

225 2522 381 2601 Quidquid
393 2524 472 2584 fama
486 2526 582 2603 canit,
602 2531 739 2604 praestat
753 2525 869 2585 harena
881 2524 950 2583 tibi.

581 2660 632 2721 VI.

182 2771 322 2851 Belliger
336 2775 457 2836 invictis
472 2774 553 2852 quod
567 2776 652 2836 Mars
664 2777 721 2836 tibi
739 2776 834 2835 servit
848 2777 880 2834 in
896 2775 1006 2852 armis,

222 2857 290 2917 Non
305 2860 378 2919 catis
388 2864 454 2937 est,
475 2860 604 2936 Caesar,
624 2861 719 2919 servit
733 2861 844 2940 etipsa
860 2859 972 2920 Venus.

181 3191 372 3253 Prostratnm
386 3199 469 3253 vasta
482 3192 613 3252 Nemees
624 3195 656 3254 in
671 3192 750 3254 valle
762 3192 884 3253 leonem

223 3274 334 3336 Nobile
354 3283 386 3335 et
403 3275 589 3336 Herculeum
606 3277 685 3336 fama
701 3280 828 3336 canebat
844 3297 929 3357 opus.

182 3356 289 3419 Prisca
301 3358 379 3420 fides
393 3365 510 3419 taceat:
531 3380 600 3420 nam
614 3367 684 3440 post
698 3370 749 3421 tua
764 3380 904 3438 munera,
926 3361 1056 3436 Caesar,

223 3441 291 3501 Hoc
304 3443 363 3504 iam
377 3444 510 3505 femineo
526 3490 900 3508 ........
