2264 3786
89 207 113 285 a
166 207 210 268 ιιι.
224 183 316 269 vau
334 201 556 266 urrunnu
571 194 1048 273 arnunnnnunuurann:

172 355 307 416 Fucinus
321 359 355 413 et
368 353 449 432 pigri
464 359 625 413 taceantur
639 360 745 431 stagna
758 353 904 415 Neronias

215 437 303 496 Hanc
314 438 420 497 norint
435 455 524 496 unam
539 435 659 497 saccula
672 440 886 499 naumachiam.

547 569 654 630 XXIX.
770 584 772 591 ’

173 683 250 744 Cum
264 683 405 744 traheret
419 683 559 761 Priscus,
579 685 719 744 traheret
733 687 898 745 certamina
912 685 1013 748 Verus

57 762 61 769 ’
212 768 305 837 Esset
320 771 353 826 et
367 767 501 844 aequalis
516 768 601 827 Mara
614 768 774 846 utriusque
788 766 855 845 diu,

171 851 279 911 Misaio
294 867 386 928 saepe
401 850 475 920 uiris
489 869 596 927 magno
612 847 745 909 clamore
762 853 859 930 petita
874 860 938 926 est3

102 984 106 991 .
213 933 277 993 Sed
292 934 406 994 Caesar
419 930 483 1016 legi
497 934 622 1011 paruit
612 951 680 1012 ipse
694 951 781 993 snae.
795 967 836 977 —

149 1017 236 1078 5Lex
250 1024 333 1091 erat,
354 1014 392 1074 ad
407 1007 534 1092 digitum
547 1018 649 1094 posita
668 1035 852 1077 concurrere
867 1037 987 1097 parma:
1006 1051 1040 1061 -

96 1122 100 1132 ·
212 1099 301 1176 Quod
316 1097 422 1176 licuit,
443 1098 546 1159 lances
561 1097 700 1178 donaque
715 1118 806 1179 saepe
822 1100 917 1163 dedit.
993 1126 999 1153 κ
1065 1123 1068 1128 ’

169 1183 313 1244 Inventus
325 1187 428 1242 tamen
445 1182 576 1241 cattinis
590 1181 775 1243 discriminis
790 1184 894 1262 aequi·

212 1266 391 1344 Pugnavere
405 1283 511 1352 pares,
533 1267 721 1325 succubuere
735 1285 834 1346 pares.

169 1349 258 1410 Misit
275 1351 397 1427 utrique
413 1343 506 1407 rudes
520 1355 553 1408 et
566 1347 681 1427 palmas
697 1350 810 1409 Caesar
824 1351 962 1428 utrique·

42 1545 48 1567 ·
173 1517 311 1603 Contigit
324 1517 383 1575 hoc
397 1494 481 1574 nulio
495 1516 555 1574 nisi
570 1521 605 1575 te
620 1518 675 1576 sub
690 1480 847 1595 principe,
870 1492 1000 1586 Caesar.

212 1600 289 1660 Cum
304 1598 364 1658 duo
377 1605 565 1679 pugnarent,
586 1599 684 1659 victor
697 1605 828 1678 uterque
842 1599 910 1685 fuit.

142 1857 144 1860 -
172 1812 299 1873 Concita
308 1810 441 1871 vveloces
454 1714 660 1890 fugereden
674 1811 789 1872 damma
802 1810 957 1872 Molossos
1043 1867 1047 1873 ,

211 1897 253 1955 Et
264 1897 348 1956 varia
363 1893 465 1954 lentas
480 1902 623 1956 necteret
639 1903 706 1955 arte
722 1915 837 1973 moras,
855 1944 856 1948 ,

171 1979 311 2039 Caesaris
329 1984 399 2038 aute
414 1976 512 2056 pedes
525 1977 652 2056 supplex
666 1977 834 2056 similisque
849 1979 969 2057 roganti

213 2061 374 2138 constitit,
396 2066 428 2120 et
441 2060 586 2140 praedam
599 2079 661 2120 non
674 2061 807 2141 tetigere
823 2080 922 2124 canes.

147 2154 179 2208 5⁹
212 2188 298 2288 Xlaec
312 2181 726 2306 inteilec'to'pri'ncr'pe'doda
740 2192 819 2288 tulit.
848 2192 855 2206 ·
900 2191 906 2204 ι

171 2312 290 2372 Numen
306 2310 401 2369 habet
419 2309 547 2368 Caesar:
569 2329 655 2368 sacra
669 2317 718 2370 est
731 2311 824 2388 haec,
845 2329 932 2370 sacra
944 2319 1075 2391 potestas

213 2393 356 2456 Credite:
378 2393 504 2452 mentiri
518 2411 580 2452 non
594 2391 732 2453 didicere
749 2395 845 2454 ferae.

549 2503 732 2575 ΧΧΧΙ.,

171 2599 293 2663 Cedere
309 2601 417 2700 maiori
430 2601 551 2661 virtutis
567 2600 647 2661 fama
661 2600 794 2661 secunda
808 2607 864 2664 est

210 2680 269 2744 llla
285 2684 384 2762 gravis
397 2680 499 2763 palma
514 2690 578 2762 cst,
602 2704 689 2761 quam
703 2686 802 2743 minor
816 2685 914 2746 hostis
927 2689 1029 2750 habet'

538 2808 658 2870 XXXII.

170 2921 215 2981 Da
228 2922 347 2981 veniam
363 2922 489 2982 subitis:
511 2938 572 2978 nan
588 2917 780 2997 displicuisse
794 2928 931 2982 meretur

212 3005 369 3084 Festinat,
392 3005 522 3080 Caesar,
546 3003 597 3080 qui
612 3000 763 3082 placuisse
777 3005 843 3066 tibi.

533 3133 666 3196 XXXIII.

72 3292 77 3301 ι
169 3245 274 3310 Flavia
291 3267 383 3327 gens,
406 3252 548 3326 quantum
562 3247 618 3306 tibi
633 3249 743 3308 tertius
758 3247 882 3311 abstulit
895 3251 1003 3312 heres!

56 3388 59 3399 .
80 3416 84 3425 Ι
211 3332 313 3393 Paene
328 3332 388 3393 fuit
400 3331 494 3410 tanti,
514 3348 577 3428 pon
590 3329 735 3392 habuisse
748 3331 833 3394 duos.
