2264 3786
255 240 260 249 .
300 185 635 247 EPIGRAMMATON
648 186 721 252 LlB.
736 185 786 247 lx.
998 187 1059 250 199

116 337 248 399 Grandis
261 336 295 396 in
309 338 447 397 aetherio
461 335 536 397 lieet
549 338 649 399 auctio
664 339 717 397 fiat
731 334 860 418 Olympo

160 422 377 500 Coganturque
393 419 445 480 dei
458 419 592 481 vendere
608 419 756 500 quidquid
770 421 899 481 habent:

92 505 324 566 oconturbsbit
337 502 440 581 Atlas,
460 509 493 563 et
505 522 567 564 non
581 507 642 565 erit
656 505 744 565 uncia
757 510 838 580 tots,
868 554 871 565 .

155 585 286 649 Decidat
298 593 400 647 tecum
413 606 473 665 qur
484 593 574 666 peter
588 588 654 666 ipse
669 585 767 648 deirm.

113 670 175 730 Pro
191 668 374 750 GspitoIInis
388 668 461 750 quid
476 671 558 730 enim
572 670 630 730 tibi
643 668 764 730 solvere
778 666 920 748 templis,

156 752 237 828 Quid
249 773 306 833 pro
321 752 473 831 Tarpeiae
488 752 608 813 frondis
622 754 741 813 honore
754 752 878 832 potenti

115 835 195 913 Quid
208 855 265 916 pro
280 835 459 896 culminibus
473 837 600 914 geminis
615 843 752 895 metrone
766 833 936 895 Tonantis?
992 904 996 913 .

72 931 108 982 10
154 918 279 979 Pallade
290 925 471 999 praetereo:
490 937 542 979 res
556 920 619 998 agit
633 918 686 979 illo
700 926 775 979 turs.
841 970 846 979 .

115 1002 196 1078 Quid
209 1001 318 1081 loqusr
330 1001 463 1062 Alciden
476 1003 838 1082 Phoebumque-piosque
851 998 1009 1061 Lsoouos?
1096 995 1098 1001 '
1112 994 1120 1006 ⁸

155 1085 270 1146 Addita
284 1085 358 1165 quid
370 1085 458 1145 Latio
472 1083 577 1145 Floria
594 1083 707 1164 templs
718 1083 814 1164 polo?

113 1169 265 1248 Expectes
280 1177 313 1230 et
325 1169 490 1246 sustineus,
509 1170 660 1248 Auguste,
683 1184 810 1228 neeesse
824 1173 894 1227 este

155 1251 231 1312 Nam
243 1254 300 1313 tibi
315 1251 397 1333 quod
411 1250 508 1313 solvet
521 1271 583 1312 non
596 1252 690 1312 habet
703 1271 773 1311 uos
786 1251 873 1311 lovis.
902 1304 905 1311 r

114 1481 256 1543 Aureolis
269 1483 349 1543 futui
364 1503 431 1544 oum
443 1384 644 1564 pugg-(hm
656 1483 772 1544 duobus
873 1434 878 1443 Ι

136 1616 141 1621 .
156 1565 279 1645 utplus
295 1585 382 1645 quam
397 1568 493 1645 futui,
516 1570 542 1626 si
557 1566 687 1628 totidem
700 1564 870 1627 addideris:

113 1648 265 1710 Aureolos
282 1657 343 1710 nte
359 1669 413 1710 cur
427 1651 553 1728 sucipit,
575 1648 747 1729 Aeschylo,
769 1648 888 1710 denos?

154 1733 223 1792 Non
237 1731 327 1794 fellat
339 1734 417 1794 tanti
432 1733 527 1796 Galla.
556 1732 638 1808 Quid
652 1734 747 1812 orgo?
775 1732 881 1794 uacet.
1012 1759 1020 1777 ι

524 1866 563 1929 V.

110 1960 234 2022 Nubere
247 1962 292 2021 vis
309 1961 429 2023 Prisco:
450 1982 512 2022 non
525 1964 636 2042 miror,
657 1961 764 2023 Paulo:
787 1962 900 2040 sapisti.

153 2046 274 2105 Ducere
287 2052 319 2106 te
334 2065 396 2106 non
409 2045 475 2106 volt
488 2047 626 2109 Priscus:
648 2048 681 2108 et
695 2046 748 2108 ille
763 2046 851 2125 sapit.
961 2054 964 2063 “

512 2181 565 2244 vi.

112 2275 200 2353 Tibi,
222 2293 336 2336 summe
348 2275 449 2338 Rheni
464 2277 596 2340 domItor
609 2285 642 2339 et
653 2295 766 2359 ponens
781 2278 879 2353 orbis,

110 2357 226 2429 Pudice
240 2360 383 2439 princeps
390 2403 408 2438 ,r
421 2365 532 2440 gratias
547 2369 639 2441 agunt
653 2362 762 2434 urbes3

110 2439 245 2521 Populos
258 2442 428 2503 habebunt:
448 2464 560 2524 parere
573 2447 632 2505 iam
647 2442 747 2504 scelus
761 2461 822 2502 non
837 2447 892 2499 est.

110 2525 179 2584 Non
192 2543 270 2604 puer
284 2528 364 2585 avari
377 2533 478 2586 secius
493 2534 559 2587 orte
574 2527 729 2605 mangonis

88 2607 280 2669 ovirilitatis
295 2608 402 2669 domna
415 2617 534 2670 maeret
548 2616 691 2691 ereptae,

110 2689 175 2751 Neo
190 2711 279 2771 quam
292 2694 440 2773 superbus
455 2699 610 2773 computet
624 2694 736 2772 stipem
749 2690 839 2769 leno,

109 2774 169 2835 Dat
182 2777 348 2854 prostituto
363 2778 475 2837 misero
487 2785 585 2837 muter
598 2778 718 2837 insonti.

110 2858 169 2932 Qui
183 2876 241 2919 nee
255 2858 347 2919 cubili
358 2861 460 2921 fuerat
479 2867 549 2921 unte
563 2868 596 2921 te
611 2859 762 2939 quondum

108 2940 230 3021 Pudor,
253 2959 321 3003 esse
333 2961 391 3024 per
404 2951 436 3005 te
450 2946 552 3025 coepit
567 2952 602 3016 et
611 2944 760 3026 lupanari.

505 3069 569 3130 Vll

113 3161 225 3223 Dicere
239 3142 278 3224 de
293 3163 416 3244 Libyci·
429 3144 537 3225 rinnel
551 3167 608 3225 tihi
623 3165 779 3242 gentibus,
802 3152 896 3239 Afer,

152 3246 311 3307 Continuis
325 3246 408 3308 volui
421 3250 554 3327 quinque
571 3247 677 3308 diebus
692 3247 766 3307 Ave.

109 3327 176 3388 Non
189 3337 290 3406 vocnt,
317 3336 370 3389 aut
386 3328 515 3410 dormit,
534 3330 650 3392 dictum
663 3333 713 3388 esi
729 3329 908 3405 liniendus
916 3342 1063 3383 reuerso.

140 3412 203 3471 lom
215 3414 291 3473 sutis
306 3420 370 3495 est,
390 3413 487 3478 Afer:
508 3436 576 3479 non
590 3417 640 3479 uis
653 3431 769 3476 oneres
785 3409 872 3472 sde.
1031 3460 1083 3553 Ι
