2264 3786
88 220 148 284 loo
402 216 446 281 Μ.
462 206 552 281 VAL.
568 214 794 279 Manilius

521 392 654 484 'ux1v.
697 392 705 415 ”

168 532 227 610 Qui
242 539 348 592 tonsor
361 536 426 591 tota
439 531 542 591 fueras
556 531 730 592 notissimus
743 534 837 610 urbe,

207 617 247 675 lit
266 615 410 695 posthoc
425 612 563 674 dominae
579 632 705 674 munere
719 615 817 675 iactus
833 633 946 696 eques,
1026 648 1029 651 ·

31 722 36 731 ·
167 699 303 760 Sicanias
317 700 409 758 urbes
423 699 621 776 Aetnaeaque
635 717 729 775 regna
741 699 864 778 petisti,

208 784 371 860 Cinname,
390 801 457 841 cum
471 783 594 860 fugeres
609 783 710 842 tristia
723 783 790 841 iura
802 783 873 843 fori.

144 864 233 943 ὅραι
250 884 330 925 nuuc
344 872 410 926 arte
424 883 530 943 graves
545 864 692 925 tolerabis
702 863 821 927 inutilis
832 867 950 931 anuos?

209 947 289 1024 Quid
302 948 377 1008 facit
390 947 500 1019 infelix
514 954 547 1007 et
556 948 682 1025 fugitiva
697 948 804 1025 quiesi
853 984 856 991 ,
883 980 889 1001 ·

168 1032 236 1091 Non
250 1024 374 1108 rhetor,
395 1051 457 1091 nou
471 1031 681 1109 grammaticus
696 1029 799 1092 ludive
815 1035 978 1112 magister,

208 1115 276 1174 Non
291 1113 438 1193 Cynicus,
459 1134 521 1174 non
534 1121 568 1174 tu
582 1114 703 1176 Stoicus
717 1133 786 1174 csse
799 1121 906 1195 potes,

166 1197 313 1269 Vendere
327 1216 504 1258 necaonem
518 1195 630 1257 Siculis
643 1195 842 1277 plausumque
859 1200 1005 1260 theatris:

125 1293 159 1343 10
207 1277 296 1356 'Quod
310 1287 467 1362 superest,
486 1283 615 1359 iterum,
638 1281 800 1361 cinnamo,
820 1289 928 1343 tonsor
942 1284 1013 1347 eris.

548 1413 641 1476 LXV.

164 1526 217 1586 Lis
231 1530 265 1584 tc
282 1523 329 1584 bis
345 1521 481 1584 decimae
494 1532 702 1587 numerantem
716 1527 833 1605 frigora
846 1527 972 1595 brumae

207 1607 351 1674 ,conterit
367 1626 426 1666 nna
439 1609 555 1686 tribus,
577 1608 767 1687 Gargiliane‘,
788 1610 875 1671 ioris.

164 1692 320 1763 Ahmiser
335 1697 367 1750 et
381 1690 521 1752 demens!
542 1693 649 1770 viginti
664 1691 766 1771 litigat
780 1695 867 1753 anuis

206 1772 388 1855 Quisquam,
411 1776 459 1834 cui
473 1775 570 1855 vinci,
593 1774 903 1857 Gargiliaue,‚licetl

545 1922 650 1985 LXVI.

164 2030 322 2094 Heredem
334 2033 447 2094 Fabius
459 2034 627 2095 Labienum
641 2051 679 2094 ex
693 2053 760 2095 asse
777 2031 918 2116 reliquit:

95 2112 97 2119 ’
205 2114 280 2176 Plus
295 2116 443 2211 meruisse
457 2125 559 2178 tamen
573 2137 607 2178 se
620 2117 773 2179 Labienus
787 2118 839 2182 ait.

536 2250 655 2315 LXVII.

162 2357 309 2423 Paedicat
322 2379 434 2439 pueros
448 2362 545 2424 tribas
559 2361 716 2425 Philaenis

162 2443 205 2503 Et
219 2444 369 2522 tentigine
383 2445 503 2505 saevior
517 2447 618 2506 mariti

162 2526 310 2587 Undenas
322 2535 409 2588 vorat
420 2530 453 2588 in
469 2527 519 2591 die
531 2527 658 2609 puellas.

161 2609 314 2689 Harpasto
329 2630 449 2691 quoque
463 2612 612 2692 subligata
623 2611 705 2693 ludit

141 2692 206 2756 5Et
216 2694 352 2754 flavescit
365 2695 482 2775 haphe,
498 2714 666 2776 gravesque
681 2695 800 2759 mancis

162 2775 306 2837 Halteras
324 2777 408 2838 facili
423 2785 506 2839 rotat
520 2779 653 2857 lacerto,

162 2859 204 2921 Et
218 2862 302 2940 putri
316 2859 467 2922 lutulenta
482 2860 520 2922 de
532 2861 702 2943 palaestra*
829 2902 832 2908 ·
929 2890 934 2899 ¹

162 2945 256 3004 Uncti
270 2947 400 3005 verbere
412 2943 535 3024 vapulat
548 2947 701 3024 magistri:

161 3026 226 3087 Nec
241 3036 330 3088 cenat
343 3028 429 3106 prius
444 3036 495 3087 aut
510 3031 660 3089 recumbit
674 3035 759 3107 unte,

120 3111 254 3187 loQuam
267 3116 384 3191 septem
399 3112 512 3170 vomuit
524 3130 626 3171 meros
644 3111 795 3187 deauces3

161 3193 211 3254 nd
224 3214 299 3274 quos
314 3195 360 3254 ias
376 3194 435 3253 sibi
448 3199 522 3253 tunc
535 3201 622 3275 putat
635 3197 768 3275 reverti,

162 3279 237 3337 Cum
251 3278 383 3359 coliphia
396 3275 686 3345 sedecimeomedit.

161 3359 236 3420 Post
249 3363 326 3422 haec
341 3364 440 3422 omnia
455 3381 522 3422 cum
534 3360 729 3441 libidinum,

160 3442 228 3502 Non
241 3443 331 3505 fellat
343 3452 485 3529 -putat
499 3447 677 3528 hocparum
688 3444 852 3528 virile‘-,
898 3462 901 3467 ·
961 3486 965 3493 1
