2264 3786
410 181 454 243 m.
470 177 561 246 vnn.
575 136 799 243 marmure

526 382 688 473 nxxvrn.
727 421 731 439 ,

174 501 257 575 Quos
272 501 401 577 cuperet
412 494 585 573 Phlegraea
599 514 670 555 suos
683 495 811 555 victoria
824 493 931 572 ludos,

155 579 157 584 ’
213 581 317 642 Indica
331 599 407 659 quoa
422 584 551 658 cuperet
564 597 690 658 pompa,
710 578 829 657 Lyaee,
851 584 938 655 tuos,

171 668 261 727 Fecit
275 664 473 744 Hyperborei
489 662 665 722 celebrator
678 661 779 723 Stella
791 663 958 743 triumphi,

55 763 56 766 ’
214 747 371 830 0pudor!
394 748 540 826 opietoa!
563 751 698 826 etputat
714 764 783 807 esse
798 766 915 826 porum.
978 753 981 757 '

150 836 241 896 5Non
254 832 305 894 illi
320 833 393 892 satia
413 837 462 890 est
474 832 597 890 turbato
612 829 756 895 sordidus
771 850 845 892 auro

212 918 346 978 Hermus
361 921 394 974 et
406 915 560 993 Hesperio
577 915 629 994 qui
643 921 732 976 sonat
745 915 828 977 orbe·
837 915 950 994 Tagus.

158 1003 278 1062 <Omnis
292 1000 387 1059 habet
401 1017 455 1058 sua
470 997 549 1058 dona
564 997 649 1073 dies3
669 1017 729 1059 nec
741 995 826 1060 linea
839 997 926 1060 dives

213 1086 340 1160 Cessat,
363 1087 395 1142 et
410 1082 444 1142 in
456 1081 601 1161 populum
615 1081 710 1143 multo
723 1084 831 1165 rapina
844 1082 937 1145 eadit.

167 1169 257 1243 Nunc
271 1167 398 1227 veniunt
414 1167 523 1226 subitis
536 1164 647 1226 lasciva
661 1168 840 1228 nomismata
853 1169 981 1246 nimbis,

128 1266 162 1316 10
209 1254 296 1311 Nunc
312 1249 365 1311 dat
379 1256 531 1331 spectatas
545 1255 665 1310 tessera
677 1249 762 1329 larga
773 1251 874 1329 ieras,
915 1307 916 1311 ,

169 1338 197 1396 N
198 1357 256 1397 unc
269 1333 402 1416 implere
416 1336 506 1395 sinus
514 1352 640 1395 securos
654 1333 767 1412 gaudet
779 1341 813 1395 et
825 1337 938 1396 absens

212 1420 350 1481 Sortitur
368 1418 523 1497 dominos,
545 1437 586 1479 ne
601 1417 775 1497 luceretur,
797 1421 868 1481 avis.
963 1431 969 1439 ’

170 1503 252 1583 Quid
265 1522 425 1564 numerem
440 1521 547 1564 currus
561 1510 612 1563 ter
626 1500 768 1581 denaque
782 1505 918 1583 praemia
931 1504 1067 1585 palmae,

211 1591 296 1665 Quae
312 1587 386 1648 dare
401 1607 463 1648 non
477 1604 600 1667 semper
614 1585 722 1647 consul
737 1593 869 1667 uterque
882 1584 1004 1650 ¹soloti¹

129 1669 278 1737 150mmir
291 1670 362 1750 aed,
384 1670 512 1750 Caesar,
531 1677 618 1731 tanto
632 1681 817 1751 superantur
828 1673 964 1751 honore,

212 1756 302 1835 Quod
316 1762 522 1838 spectatorem
537 1761 570 1816 te
584 1761 637 1815 tua
649 1754 752 1816 laurus
765 1757 869 1819 habet.

533 1882 669 1946 LXXIX.

172 1983 286 2041 Omnes
301 1986 353 2040 aut
367 1975 486 2040 vetulas
501 1981 597 2041 habes
612 1983 738 2058 amieos,

166 2067 231 2125 Aut
243 2072 351 2144 turpes
365 2061 538 2142 vetulisque
553 2063 721 2126 foediores.

167 2150 231 2208 Has
247 2146 332 2206 ducis
347 2148 474 2206 comites
490 2147 648 2226 trahisque
662 2155 764 2210 tecum

167 2234 230 2292 Per
246 2231 395 2309 convivia,
417 2232 571 2310 porticus,
592 2233 723 2294 theatra.

169 2317 221 2377 Sic
233 2316 384 2394 formosa,
404 2313 548 2391 Fabulla,
570 2316 615 2376 sio
627 2314 732 2398 puella
746 2335 788 2378 es.
894 2375 897 2379 .

536 2442 661 2506 LXXX

169 2540 350 2602 Sanctorum
365 2545 454 2604 nobis
469 2542 616 2604 miracula
630 2541 736 2604 reddis
751 2562 889 2621 avorum,

208 2623 273 2684 Nec
288 2628 420 2704 pateris,
443 2628 574 2706 Caesar,
596 2626 717 2689 saecula
732 2647 806 2688 cana
820 2629 915 2706 mori,

169 2707 245 2767 Cum
259 2715 383 2769 veteres
396 2711 503 2770 Latiae
520 2713 598 2771 ritus
612 2718 798 2773 renovantur
812 2712 948 2772 harenae

101 2846 104 2851 .
208 2792 250 2853 Et
264 2799 381 2871 pugnet
393 2795 490 2853 virtus
505 2794 694 2875 simpliciore
708 2815 807 2856 manu.
858 2850 860 2855 .

169 2874 221 2935 Sic
234 2877 345 2955 priscis
360 2882 497 2936 servatus
511 2877 608 2937 honos
624 2885 656 2938 te
670 2878 814 2960 praeside
827 2878 969 2959 templis,

208 2959 250 3019 Et
265 2979 334 3019 oasa
351 2965 412 3019 tarn
426 2957 509 3019 culto
525 2961 580 3020 sub
595 2961 666 3021 Iove
680 2982 792 3024 numen
808 2964 919 3037 habet3

170 3043 222 3104 Sic
236 3061 315 3103 nova
329 3043 400 3104 dum
415 3042 540 3122 condis,
560 3063 705 3124 revocas,
727 3048 882 3128 Auguste,
897 3047 1023 3129 priora:

208 3128 369 3188 Debentur
381 3147 462 3208 quae
477 3135 548 3189 sunt
567 3149 706 3210 quaeque
721 3132 811 3193 fuere
826 3131 894 3193 tibi.

498 3228 506 3238 ’
529 3240 663 3304 LXXXI.

151 3338 224 3398 Non
238 3359 303 3421 per
315 3341 448 3422 mystica
463 3360 550 3402 ascrs
563 3339 789 3421 Dindymenes,
876 3408 883 3413 ,
971 3390 975 3397 «

137 3421 211 3482 Nec
217 3444 286 3505 per
298 3427 448 3492 Niliacae
463 3430 578 3492 bovem
591 3429 762 3504 iuvencae,
876 3510 879 3515 ,
896 3474 902 3483 x
