2264 3786
96 171 155 235 lta
391 134 809 232 'uvauuauruuo

560 370 651 432 Lxx.

177 487 383 564 Semngmn,
405 486 579 563 Marciaue,
597 485 706 545 mesaia

177 573 253 630 Aeta
263 577 316 629 est
328 575 377 647 et,
397 578 489 650 puto,
510 571 569 629 iam
583 567 716 629 secunda
731 568 857 645 Cottae,
934 587 937 593 ·

177 655 241 713 Noc
256 672 289 712 se
306 652 407 713 taedia
419 651 526 713 lectuli
541 651 668 716 calentia

176 739 221 796 Ex
244 745 342 795 ertum
356 737 494 796 meminit
508 734 558 795 die
572 734 622 795 vel
636 753 705 794 uuo.

154 757 321 882 aosIendia
335 819 477 897 dlgitum‚
499 818 555 879 aed
567 817 767 897 impudicum,

31 908 45 923 ‘
110 939 112 942 ⁴
177 903 301 965 Alconti
318 903 469 980 Dasioque
479 903 729 980 Symmaeboque.
807 916 826 953 ·.

117 1054 125 1063 .
177 990 219 1046 At
231 987 329 1045 nostri
343 988 423 1045 bene
438 990 650 1065 computentur
665 984 736 1043 anui

179 1072 220 1132 Et
235 1075 377 1148 quantum
393 1070 522 1129 tetricae
536 1067 637 1129 tulere
655 1067 778 1143 febres,

178 1156 239 1214 Aut
251 1150 379 1230 languor
393 1152 508 1230 gravis,
528 1157 579 1211 aut
593 1151 664 1211 mali
679 1149 818 1227 dolorea,

42 1290 45 1295 .
78 1296 83 1305 ,
138 1239 206 1299 1οΔ
220 1237 280 1295 vita
294 1234 421 1296 meliore
436 1241 632 1316 separentur:

177 1321 312 1380 inianter
328 1338 444 1397 sumus,
465 1326 497 1379 et
510 1337 600 1379 aenea
615 1316 762 1379 videmur.
835 1369 838 1373 ,

178 1405 318 1464 Aetatem
330 1403 504 1481 Priamique
519 1404 719 1481 Nestorisque

178 1489 310 1564 Longam
328 1487 378 1563 qui
392 1493 478 1567 putat
492 1505 577 1564 eoae,
595 1485 769 1565 Marciaue,

177 1570 308 1630 Multum
322 1569 535 1648 decipiturque
547 1566 734 1648 faIIIturque.

138 1655 242 1716 loNon
258 1661 305 1712 ert
318 1654 436 1733 vivere,
459 1653 514 1713 sed
528 1651 630 1713 valere
644 1654 705 1713 vita
719 1657 775 1711 eat.

555 1786 661 1847 uxu.
721 1752 726 1765 '

178 1897 281 1959 Edere
295 1898 424 1975 laaoivoa
439 1899 477 1960 ad
490 1900 613 1960 Baetica
630 1904 780 1958 crusmata
791 1903 895 1976 geatua

218 1982 260 2041 Et
277 1984 434 2044 Gaditanis
448 1983 556 2042 ludere
570 1981 660 2042 docta
671 1980 785 2059 modia,

179 2064 324 2125 Tendere
339 2085 415 2145 quae
429 2065 592 2126 tremulum
606 2064 713 2124 Pelian
728 2065 935 2142 Hecubaeque
950 2064 1088 2123 maritum

171 2218 174 2223 ¹
217 2149 327 2209 Poaaet
342 2150 380 2210 ad
392 2150 566 2210 Hectoreos
581 2146 872 2227 sollicitaremus,

136 2230 230 2291 5Urit
244 2239 276 2291 et
290 2235 445 2295 excruciat
460 2231 613 2292 dominum
630 2231 797 2292 Telethusa
810 2231 962 2311 priorema

220 2313 370 2378 Vendidit
383 2316 539 2397 anelllam,
558 2336 639 2376 nuno
652 2315 778 2376 redimlt
796 2314 953 2375 dominam.

547 2449 665 2510 LXXII.

176 2563 240 2623 Fur
253 2572 342 2626 notae
356 2567 479 2626 nlmium
496 2564 671 2644 rapacitatis

177 2648 349 2727 compilare
361 2649 440 2710 Cilix
453 2647 576 2709 volebat
588 2648 725 2722 hortum,

179 2731 298 2807 lugenti
313 2731 468 2809 sederat,
487 2728 631 2807 Fabulle,
652 2731 684 2789 iu
699 2730 792 2805 horto¹

178 2813 309 2873 Praeter
327 2833 527 2875 marmoreum
540 2812 618 2873 nihil
631 2812 783 2891 Priapum.
848 2884 850 2891 Ι

156 2897 256 2956 allum
269 2915 331 2956 non
344 2895 410 2956 volt
424 2916 515 2957 vacua
528 2915 618 2954 manu
632 2895 753 2970 redire,
880 2927 884 2941 ι

176 2981 276 3060 lprum
288 2980 436 3061 surripuit
449 2979 530 3042 Cilix
542 2980 694 3058 Priapum.
714 2992 716 2997 ’

547 3112 678 3174 LXXIII.

177 3227 244 3286 Non
258 3226 342 3287 rudia
356 3226 479 3287 indocta
493 3203 568 3288 fecit
581 3244 630 3286 me
643 3223 723 3285 falce
737 3222 878 3284 colonus:

215 3311 444 3393 Dispensatorit
457 3309 562 3371 nobile
578 3310 680 3371 oeruia
695 3327 779 3389 opua.

160 3391 241 3457 Nam
257 3397 428 3461 Caeretani
443 3393 548 3463 cultor
561 3395 741 3459 uotiaaimua
752 3392 822 3469 aqr'r
864 3484 871 3491 „
