2264 3786
89 187 149 253 168
347 250 350 255 ,
410 187 454 250 Μ.
470 186 560 250 VAL.
575 187 798 251 meritus

172 337 234 400 Sed
247 337 351 401 leuues
365 339 445 399 feret
460 346 493 399 et
506 339 637 419 scyphos
652 357 774 399 suorum
879 384 885 397 .

152 424 237 486 siut
250 421 458 502 grandiorem
473 418 524 482 sut
536 429 647 501 potens
661 422 792 498 amicus,

172 507 233 566 Seu
248 505 330 584 quod
342 513 374 566 te
387 507 489 585 potius
503 507 590 581 iuvet
599 506 750 584 cupitque.

91 608 93 612 ⁴
170 589 222 649 Sio
234 591 334 649 vinoso
348 589 534 667 Noviumque
549 585 748 666 Publiumque

171 671 309 732 Mandris
325 678 358 749 et
370 672 468 732 vitreo
483 671 603 731 latrone
616 669 733 744 elusos3
758 690 763 695 ·

37 788 41 799 ι
170 755 220 816 Sic
235 753 365 834 pulmrm
378 755 436 815 tibi
450 752 490 814 de
503 755 625 832 trigone
638 752 723 813 nudo

128 839 286 900 10Uuotue
300 836 354 897 det
368 838 454 896 furor
469 839 584 896 arbiter
599 855 745 913 coronae,

168 922 233 982 Neo
247 918 353 981 laudet
366 919 477 998 Polybi
489 920 583 998 magis
597 920 751 979 sinistrust

169 1005 203 1064 Si
219 1004 375 1082 quisquam
389 1020 456 1062 mee
470 999 583 1063 dixerit
595 1000 744 1081 malignus
797 1046 801 1060 .

168 1087 245 1146 Atro
262 1086 394 1145 carmine
408 1103 485 1165 quoe
499 1083 622 1146 madent
634 1094 770 1162 veneno,
890 1125 897 1131 -
1002 1094 1005 1109 '

43 1224 46 1241 ι
168 1170 212 1230 Ut
225 1186 329 1228 vocem
344 1170 418 1228 mihi
433 1166 605 1231 commodes
617 1174 791 1248 patronum,

128 1254 207 1316 15Et
221 1258 363 1331 quantum
377 1250 509 1331 poteiis,
530 1248 586 1311 seul
600 1269 711 1329 usque,
730 1249 856 1311 olomeo:
903 1282 909 1303 ι

33 1400 39 1412 x
100 1392 103 1396 ,
169 1328 258 1415 „Non
272 1335 395 1414 scripsit
409 1354 494 1396 meus
507 1336 566 1395 istu
579 1332 765 1396 Martialis.“

483 1529 487 1537 .
533 1497 679 1558 mim,¹
736 1526 739 1531 -
812 1554 817 1565 ,
981 1538 987 1545 .

149 1614 155 1620 ’
169 1608 313 1688 Esquiliis
327 1606 434 1669 domus
447 1612 512 1685 est,
532 1604 638 1667 domus
651 1612 699 1668 est
712 1608 770 1668 tibi
783 1604 863 1666 colle
878 1605 993 1666 Dionae

210 1694 252 1753 Et
264 1700 317 1754 tuo
328 1692 475 1772 petricius
490 1688 621 1750 eulmina
635 1691 718 1751 vicus
732 1690 840 1751 hebet:

169 1776 250 1836 Hirro
263 1776 371 1836 viduae
385 1773 533 1854 Cybeles,
551 1771 637 1834 illiue
651 1775 783 1834 sueruriu
795 1773 926 1847 Vestae,

52 1922 54 1927 ,
210 1857 284 1918 lude
298 1879 424 1936 novum,
443 1864 580 1918 veterem
593 1857 743 1939 prospicis
757 1854 829 1916 iude
843 1855 953 1916 Iovem.
1047 1894 1051 1903 ,

148 1941 242 2018 onio,
263 1943 315 2001 ubi
331 1942 523 2018 corronium,
543 1938 608 2018 dio,
630 1959 689 2019 qus
701 1945 734 1999 te
747 1945 836 2021 porte
848 1940 1020 2017 requiram:

211 2024 355 2102 Quisquis
367 2025 481 2102 ubique
500 2022 632 2100 habitat,
654 2022 802 2101 Maxime,
822 2011 970 2102 uusqu'rm
983 2020 1100 2081 habitet

530 2182 663 2247 LXXIV.
697 2178 704 2193 ⁸

170 2292 313 2376 Cyllenes
328 2292 466 2374 coelique
481 2286 591 2374 decus,
611 2296 741 2359 iocunde
755 2286 914 2374 minister,

210 2380 312 2439 Aureo
327 2379 376 2439 oui
388 2383 473 2439 torto
488 2379 571 2456 virgo
585 2378 718 2441 drocone
730 2381 823 2442 viret:

169 2461 221 2522 Sio
235 2463 292 2523 tibi
305 2463 410 2529 loeoiri,
423 2481 485 2522 uon
498 2460 581 2522 desit
595 2465 682 2542 copie
696 2464 786 2543 furti,

209 2546 279 2605 Sive
296 2546 381 2625 oupis
394 2545 547 2626 Paphien,
568 2564 624 2606 seu
638 2545 814 2627 Ganymede
828 2544 927 2620 orles;

148 2628 392 2708 5Muterueeque
406 2629 500 2689 suerio
515 2635 663 2691 ornentur
680 2629 840 2690 frondibus
854 2627 924 2689 idus

209 2712 251 2771 Et
265 2713 368 2772 senior
381 2730 474 2791 puros
487 2710 569 2773 mole
582 2720 740 2792 premetur
756 2732 841 2777 orus:

168 2796 258 2855 Hunc
273 2812 394 2874 semper
407 2795 549 2871 Norbano
563 2795 644 2857 diem
659 2816 725 2857 oum
740 2797 867 2874 coniuge
882 2792 983 2875 Oui-po

208 2877 304 2938 Luetr
318 2876 413 2957 uolut,
433 2879 541 2959 primis
555 2898 615 2958 quo
630 2881 733 2952 coiere
748 2879 835 2941 toris.

167 2963 228 3022 Hio
241 2963 310 3043 pius
322 2962 451 3023 antistes
466 2962 591 3045 sophiae
604 2981 657 3022 suo
671 2961 749 3023 done
762 2962 933 3038 ministret,

127 3057 161 3109 10
206 3047 266 3107 Hic
280 3052 312 3107 te
325 3052 396 3108 ture
410 3052 514 3126 voert,
534 3042 612 3104 fidus
627 3047 738 3126 etipse
753 3046 825 3108 Iovi.

534 3204 655 3268 LXXV.

167 3314 223 3376 Vis
236 3315 315 3378 futui
330 3317 441 3396 gratis,
463 3335 530 3376 euru
544 3317 586 3376 sis
600 3313 746 3377 deformis
760 3331 904 3394 unusque.
999 3302 1006 3323 ¹

209 3399 270 3458 Res
283 3399 474 3481 perridicule
486 3405 549 3461 est:
569 3400 613 3459 vis
632 3398 720 3479 dure,
741 3418 799 3460 ueo
814 3398 888 3460 dere
901 3397 957 3458 vis.
