2264 3786
293 200 628 263 EPIGRAMMATON
641 202 715 265 LIB.
730 205 780 266 IX.
847 207 856 219 “
994 206 1054 270 201
1101 204 1104 216 '

111 352 224 411 Dicunt
239 352 385 411 Eiarinon
400 358 502 411 tamen
515 359 641 432 poetae,

111 434 175 494 Sed
190 436 317 513 Graeci,
339 436 446 514 quibus
463 441 510 495 est
524 435 602 495 nihil
616 445 757 517 negatum

71 530 102 581 15
108 520 150 578 Et
164 538 239 597 quos
249 506 340 592 Ἆρες
360 512 453 595 ’Ἆρες
467 518 559 579 decet
574 539 692 582 sonare.

111 603 208 662 Nobis.
220 621 281 661 non
294 600 371 661 licet
385 619 453 662 esse
468 608 530 661 tam
544 602 686 682 disertis,

110 687 170 761 Qui
183 685 287 745 Musas
302 684 429 745 colimus
443 688 625 749 severiores.

507 819 571 879 XII.

111 917 144 977 Si
160 916 247 976 daret
261 921 439 976 auotnmnus
453 917 528 976 mihi
542 937 669 994 nomen,
692 918 845 997 Oporinos
860 937 975 979 essem:

153 999 287 1059 Horrida
302 1001 329 1058 si
342 1001 468 1059 brumae
484 999 603 1078 sidera,
625 1002 827 1061 Chimerinos.

110 1084 217 1144 Dictus
234 1084 270 1143 ab
286 1084 400 1143 aestivo
416 1083 572 1143 Therinos
584 1085 642 1144 tibi
656 1103 761 1145 mense
776 1104 916 1146 vocarer:

152 1167 306 1246 Tempora
320 1167 369 1227 cui
381 1185 492 1227 nomen
507 1186 600 1227 verna
615 1167 747 1247 dedere,
769 1168 920 1248 quiscat?

506 1298 582 1361 XIII.

108 1397 227 1456 Nomen
240 1398 335 1458 habes
351 1400 452 1458 teneri
468 1397 549 1477 qnod
565 1403 704 1478 tempora
716 1405 870 1478 nuncupat
885 1401 970 1478 anni,

152 1481 229 1540 Cum
243 1483 337 1542 breve
354 1482 523 1562 Cecropiae
537 1501 592 1541 ver
606 1479 791 1562 populantur
809 1501 898 1562 apes3

108 1564 227 1624 Nomen
241 1563 379 1624 Acidalia
392 1567 504 1625 meruit
519 1564 601 1645 qnod
615 1564 763 1625 arundine
780 1566 882 1646 pingi,

151 1648 240 1722 Quod
254 1648 409 1729 Cytherea
423 1667 476 1708 sua
493 1650 630 1708 scribere
646 1647 758 1727 gaudet
773 1668 844 1722 acu3

86 1730 227 1791 5Nomen
239 1732 420 1811 Erythraeis
435 1730 517 1810 quod
529 1729 637 1791 littera
652 1732 733 1791 facta
746 1730 876 1811 lapillis,

149 1814 276 1876 Gemma
291 1814 373 1893 quod
386 1812 550 1874 Heliadum
563 1813 677 1894 pollice
692 1816 766 1874 trita
780 1819 884 1888 notet3

109 1897 197 1975 Quod
210 1900 302 1978 pinna
317 1899 472 1959 scribente
488 1915 578 1976 grues
594 1897 748 1957 adsidera
765 1894 893 1973 tollant3

151 1981 239 2058 Quod
255 1981 346 2042 decet
357 1984 391 2041 iu
406 1980 471 2042 sola
489 1982 630 2042 Caesaris
644 1998 712 2042 esse
728 1981 827 2042 domo.

499 2116 580 2179 XIV.

97 2213 214 2289 Hunc,
237 2231 326 2293 quem
342 2233 447 2275 mensa
459 2215 532 2292 tibi,
556 2233 645 2293 quem
664 2233 740 2275 cena
753 2215 871 2294 paravit
883 2216 1024 2293 amicum,

148 2296 225 2356 Esse
238 2303 326 2376 putas
341 2296 420 2357 fidae
434 2304 542 2376 pectus
557 2298 729 2358 amicitiae?

106 2378 221 2459 Aprum
236 2387 315 2439 amat
330 2386 362 2439 et
375 2380 486 2440 mullos
502 2389 535 2440 et
548 2400 655 2441 sumen
669 2389 702 2441 ct
716 2386 834 2457 ostrea,
856 2399 917 2439 non
929 2386 970 2439 te.

82 2534 85 2538 Δ
150 2462 226 2523 Tam
241 2465 320 2523 bene
336 2465 362 2523 si
379 2482 501 2541 cenem,
522 2469 629 2523 nostor
645 2465 756 2522 amicus
772 2464 841 2522 erit.

501 2596 568 2658 XV.

104 2694 262 2774 Inscripsit
275 2695 398 2756 tumulis
412 2701 530 2775 septem
545 2694 696 2755 scelerata
708 2696 841 2754 virorum
921 2710 924 2715 ·

146 2778 209 2856 „Se
223 2779 359 2839 fecisse“
373 2778 481 2842 Chloe.
510 2779 591 2854 Quid
604 2786 678 2860 pote
693 2777 883 2860 simplicius?

496 2911 577 2976 XVI.

106 3005 274 3068 Consilium
288 3010 420 3087 formae,
442 3009 614 3090 speculum,
632 3007 799 3089 dulcesque
813 3006 940 3088 capillos

127 3106 131 3113 ·
146 3093 313 3169 Pergameo
327 3096 429 3172 posuit
442 3093 521 3154 dona
535 3100 652 3153 sacrata
666 3092 724 3153 deo

105 3170 162 3234 llle
176 3194 254 3254 puer
266 3181 333 3236 tota
348 3177 470 3237 domino
485 3179 673 3255 gratissimus
687 3174 772 3252 aula,

148 3258 277 3318 Nomine
292 3261 344 3338 qui
356 3263 457 3339 algnat
468 3266 608 3340 tempora
620 3277 714 3319 verna
728 3276 792 3318 sno.

80 3339 207 3420 5Felix,
229 3360 306 3421 quae
320 3342 374 3402 tali
389 3351 533 3406 censetur
547 3360 677 3404 munere
688 3339 801 3401 tellust

136 3423 204 3484 Nec
218 3426 434 3505 Ganymedeas
447 3429 562 3493 mallet
576 3430 702 3493 habere
718 3442 837 3487 comas.
