2264 3786
284 196 708 288 neronammouonmn.
724 203 773 264 ιιι
862 149 865 154 Δ
967 205 1047 310 ,ιιι
1118 152 1120 157 ’

479 349 586 415 xcvi

98 432 229 539 Marcia,
249 479 311 520 non
323 460 465 541 Rhenus,
486 461 558 523 salii
571 464 636 543 hic,
658 421 829 526 Germane:
855 468 929 551 quid
940 443 1045 533 obstas

137 545 179 606 Iit
192 562 321 624 puerum
333 541 482 624 prohibes
495 545 597 608 dialtis
609 548 709 608 imbre
721 546 846 610 locust*

98 628 248 705 Barbare,
267 647 328 687 non
343 626 437 689 debet
451 631 590 690 submoto
606 632 671 691 cive
685 633 820 693 ministri

128 712 294 804 'captivam
309 712 419 773 victrix
432 712 512 773 unda
525 711 630 775 levore
645 715 737 779 sitim.

473 845 594 911 XCVII.

98 957 165 1017 Una
177 963 269 1018 nocte
285 940 544 1041 quater-palmum:
565 960 621 1022 sed
637 969 780 1042 quattuor
793 964 880 1022 annis

139 1040 172 1101 Si
185 1061 326 1122 pesum,
345 1060 486 1124 peream,
506 1050 540 1105 te
555 1044 708 1108 'lelesffla
723 1043 827 1107 semel

462 1178 596 1242 XCVIII.

92 1271 242 1351 Effugere
255 1293 317 1335 non
330 1281 395 1356 est,
409 1275 544 1354 Flacce,
564 1278 743 1338 basiatores.

95 1355 227 1436 Instant,
249 1364 424 1439 morantur,
444 1367 664 1441 persecuntur,
687 1367 870 1441 occurrunt,

95 1439 137 1499 Et
150 1440 222 1500 hioc
237 1448 269 1502 et
286 1441 389 1521 illinc,
410 1460 643 1523 usquequaque,
666 1463 854 1525 quacunque.

82 1522 164 1582 ‘Non
178 1523 265 1586 aleam
280 1544 350 1586 acre
362 1528 540 1607 pustulaeve
554 1528 710 1606 lucentes,

72 1606 157 1668 5Nec
169 1609 260 1669 triste
273 1615 408 1670 mentum
422 1609 599 1690 sordidique
613 1611 767 1690 lichenes,

94 1690 160 1750 Nec
173 1689 259 1754 labra
270 1695 376 1773 pingui
394 1692 534 1755 delibuta.
545 1702 665 1772 cerato,
768 1707 771 1712 ’

95 1773 161 1835 Nec
176 1775 328 1856 congelati
343 1783 427 1856 gutta
441 1778 582 1858 proderit
595 1779 675 1838 nasi:

96 1859 138 1918 Et
151 1866 340 1921 aestuantem
354 1863 473 1922 basiant
488 1867 521 1922 et
535 1860 704 1940 algentem,

95 1943 137 2003 Et
152 1942 287 2023 nuptiale
301 1945 418 2006 basium
435 1952 652 2006 reservantem.
689 1990 691 1993 -
790 2019 792 2024 Ι

51 2026 163 2091 loNon
176 2033 208 2086 te
223 2026 352 2089 cucullis
372 2034 489 2089 asseret
503 2034 593 2109 caput
608 2035 742 2106 tectum,

95 2110 220 2171 Lectica
234 2130 292 2173 nec
307 2118 340 2195 te
355 2118 420 2173 tuta
432 2111 516 2193 pelle
530 2111 679 2192 veloque,

95 2193 161 2254 Nec
175 2193 341 2256 vindicabit
355 2194 433 2257 sella
447 2198 567 2278 saepius
583 2195 682 2257 clusa:

94 2276 197 2337 Rimas
211 2297 269 2358 per
284 2280 389 2340 omues
403 2280 537 2341 basiator
550 2281 687 2342 intrabit.

94 2360 164 2420 Non
178 2361 353 2424 consolatus
367 2365 452 2443 ipse,
474 2383 536 2424 non
549 2365 722 2424 tribunatus

53 2444 208 2513 15Seniye
219 2446 337 2525 fasces,
357 2465 415 2506 nec
430 2448 561 2526 superbo
575 2444 700 2505 clamosi
760 2464 768 2475 ⁸

94 2528 227 2589 Lictoris
242 2531 344 2608 abiget
355 2531 440 2607 virga
454 2531 646 2590 basiatorcm.
684 2582 685 2587 ,

95 2610 211 2673 Sedeas
223 2613 255 2673 in
270 2612 330 2673 alto
344 2619 378 2673 tn
392 2612 467 2672 licet
480 2609 628 2672 tribunali

94 2693 136 2756 Et
150 2713 168 2755 e
187 2695 286 2756 curuli
299 2699 367 2757 iura
379 2693 664 2774 gentibusreddos,

94 2778 251 2839 Ascendet
264 2779 317 2841 Illa
331 2781 465 2841 basiator
480 2786 573 2858 atque
584 2775 657 2858 Illa,

51 2860 331 2924 20Febricitantem
345 2864 475 2924 basiabit
489 2868 522 2923 et
534 2864 677 2940 dentem,
747 2894 749 2897 v

94 2946 187 3008 Dabit
200 2948 344 3007 oscitanti
355 2948 472 3008 basium
486 2949 684 3026 nutantique,

93 3029 185 3091 Dabit
199 3037 232 3090 et
246 3033 371 3092 cacanti.
399 3030 578 3091 RemedIum
593 3031 664 3090 mali
679 3027 777 3090 solnm
792 3034 857 3104 est,

93 3111 201 3174 Facias
216 3116 344 3176 amicum
357 3116 477 3176 basiare
493 3133 583 3194 quem
595 3113 685 3176 nolis.
733 3139 734 3144 ¹
751 3136 753 3144 ’

474 3238 580 3308 XCIX.

47 3414 51 3422 .
93 3356 141 3417 De
155 3355 302 3418 cathedra
317 3359 458 3437 quotiens
473 3360 572 3436 saurgi
587 3391 629 3404 -
641 3357 701 3415 iam
715 3373 807 3436 saepe
819 3354 924 3415 notari
937 3387 990 3436 κ·-

136 3440 305 3502 Paedicant
318 3442 464 3519 miserae,
475 3442 612 3519 Lesbia,
631 3445 663 3501 te
678 3440 809 3502 tunicae.
921 3516 924 3521 ,
