2264 3786
283 184 797 293 arrennnnnnonna.v1n.
987 228 1048 292 lac

105 376 252 456 Diligeris
266 378 379 458 populo
393 398 455 438 non
469 385 599 459 propter
612 380 762 459 praemia,
782 380 913 458 Caesar,

146 462 280 542 Propter
293 468 325 521 te
340 461 470 542 populus
483 463 633 542 praemia,
654 463 783 541 Caesar,
806 472 894 524 amat.

504 589 569 652 LV.

106 700 239 762 Auditur
254 708 398 781 quantum
413 702 548 780 Massyla
561 721 620 782 per
633 703 697 762 avia
711 719 862 778 murmur,

148 786 309 845 Innumero
325 788 466 864 quotiens
481 786 558 845 silva
571 786 661 845 leone
676 786 767 862 furit,

105 867 241 929 Pallidus
257 871 403 930 attonitos
419 869 457 929 ad
470 871 574 929 Poena
587 867 716 949 mapalia
729 873 835 948 pastor

151 953 227 1012 Cum
241 958 365 1012 revocat
378 960 481 1012 tauros
497 960 530 1013 et
544 954 610 1012 sine
624 957 727 1011 mente
741 969 853 1031 pecus:

85 1033 229 1095 5l¹entus
243 1037 277 1094 in
290 1037 425 1095 Ausonia
439 1036 565 1099 fremuit
579 1034 668 1095 modo
683 1042 787 1094 terror
801 1035 924 1095 harena.

151 1119 225 1195 Quis
240 1139 301 1178 non
316 1138 385 1179 esse
400 1138 526 1197 gregem
540 1119 706 1179 crederet‘.l
726 1137 803 1178 unna
819 1126 901 1196 erat,

109 1200 172 1261 Sed
187 1203 271 1262 cuius
285 1207 456 1263 tremerent
469 1202 528 1283 ipsi
543 1220 664 1283 quoqne
677 1204 743 1262 iura
757 1200 882 1281 leones,

150 1286 207 1345 Cui
222 1284 360 1345 diadema
376 1285 463 1345 daret
478 1304 627 1346 marmore
641 1287 724 1366 picta
737 1284 856 1346 Nomas.

109 1368 135 1428 0
151 1375 295 1446 quantum
309 1388 366 1450 per
381 1368 462 1430 colla
476 1369 587 1448 decus,
608 1388 698 1448 quem
714 1370 825 1448 sparsit
837 1369 985 1429 honorem

66 1462 101 1512 lo
149 1453 251 1511 Aurea
263 1452 400 1531 lunatae,
421 1472 487 1512 cum
503 1454 606 1531 stetit,
627 1452 733 1512 umbra
747 1452 852 1512 iubae!
930 1504 936 1523 ,

111 1534 245 1595 Grandia
260 1556 348 1614 qnam
363 1536 467 1598 decuit
479 1537 573 1597 latum
588 1535 735 1597 venabula
748 1543 856 1615 pertua

153 1620 331 1699 Quantaque
347 1620 385 1680 de
400 1640 507 1699 magna
521 1618 628 1699 gaudia
642 1625 741 1681 morte
755 1618 841 1679 tulit!

110 1702 200 1762 Unde
215 1704 293 1779 tuis,
314 1705 430 1783 Libye,
451 1709 513 1764 tam
527 1703 603 1763 felia
618 1703 716 1781 gloria
731 1701 837 1775 silvis?

151 1788 179 1846 A
194 1787 329 1866 Cybeles
343 1787 490 1866 numquid
504 1795 631 1847 venerat
644 1785 699 1846 ille
713 1786 808 1864 iugo?
826 1781 831 1787 ’

67 1879 100 1930 15
110 1871 158 1929 An
173 1873 268 1948 magis
281 1871 455 1949 Herculeo,
477 1871 677 1947 Germanice,
698 1870 781 1929 misit
795 1869 832 1928 sb
846 1874 928 1928 astro

152 1954 240 2013 Hanc
253 1955 312 2015 tibi
325 1955 375 2015 vel
389 1956 502 2034 frater,
522 1953 573 2015 vel
588 1962 677 2035 pater
691 1955 758 2033 ipse
773 1953 893 2013 leram?

500 2095 577 2159 LVI.

111 2206 315 2288 Temporibus
328 2210 442 2271 nostris
457 2215 540 2270 aetas
556 2227 624 2269 cum
639 2206 728 2269 cedat
743 2222 865 2267 avorum

151 2292 293 2353 Creverit
309 2298 341 2353 et
355 2295 451 2354 maior
466 2312 533 2353 cum
549 2292 626 2379 duce
640 2290 735 2352 Roma
749 2309 820 2367 suo,

109 2373 266 2452 ingenium
280 2377 360 2437 sacri
374 2378 493 2437 miraris
509 2376 618 2436 deesse
632 2373 786 2450 Maronis,

51 2524 53 2529 ,
149 2458 213 2519 Nec
230 2472 409 2539 quemqnam
424 2467 508 2520 tanta
522 2457 607 2519 bella
620 2475 730 2518 sonare
746 2456 828 2517 tuba.

87 2540 191 2619 5⁴Sunt
204 2542 419 2619 Maecenates,
439 2561 500 2602 non
517 2541 666 2619 deerunt,
686 2539 814 2616 Flacca,
836 2537 997 2614 Marones,

150 2623 383 2705 Vergiliumque
398 2626 457 2687 tibi
467 2624 519 2685 vel
531 2631 583 2685 tua
597 2644 669 2685 rura
684 2622 807 2683 dabunt.

108 2707 216 2784 iugera
228 2708 410 2788 perdiderat
423 2711 554 2769 miserae
567 2708 666 2768 vicina
681 2707 851 2767 Cremonae

150 2790 264 2852 Flebat
276 2798 310 2852 et
323 2791 468 2854 abductas
483 2793 611 2872 Tityrus
627 2809 719 2870 aeger
734 2807 816 2849 oves.
899 2796 905 2803 '

109 2873 191 2933 Risit
205 2873 323 2936 Tuscus
339 2895 452 2956 eques,
473 2881 747 2957 paupertatemque
761 2873 920 2953 malignam

85 2966 103 3016 ο
151 2955 299 3038 Reppth
314 2966 347 3020 et
360 2958 459 3021 celeri
474 2960 564 3020 iussit
578 2960 664 3020 abire
678 2959 758 3037 fuga.

109 3041 246 3121 „Accipe
262 3041 382 3103 diuitias
396 3049 429 3103 et
443 3051 543 3105 vatum
558 3044 702 3103 maximus
718 3047 802 3114 esto;

152 3122 202 3184 'l'u
215 3123 291 3185 licet
305 3133 338 3186 et
350 3127 511 3187 nostrum“
527 3126 603 3191 dixit
616 3123 750 3204 „Alexin
765 3120 879 3188 amea.“

108 3207 237 3267 Astabat
251 3207 366 3270 domini
379 3213 493 3270 mensis
508 3198 733 3291 pulcherrimus
747 3203 803 3266 ille

149 3290 326 3352 Marmorea
339 3294 471 3353 fundens
484 3295 572 3372 nigra
585 3291 717 3351 Falerna
730 3308 836 3366 mann,

67 3374 145 3435 15llt
159 3373 252 3435 libata
267 3374 359 3437 dabat
372 3379 472 3439 rosels
488 3377 652 3439 carchesia
659 3372 789 3449 labris„

140 3458 226 3529 Quae
236 3465 391 3540 poterant
405 3465 513 3547 ipsum
526 3452 712 3527 sollicitare
721 3459 849 3520 bouem.
964 3490 1076 3560 e
