2264 3786
266 196 600 260 EPIGRAMMA'I'ON
612 197 685 262 ΜΒ.
700 199 740 262 v.
958 200 1018 265 115

78 354 177 415 Differ
192 369 284 430 opos,
304 368 362 410 nec
376 356 409 410 te
422 349 546 409 facundi
560 370 651 410 scena
666 351 779 413 Catulli

120 438 280 510 Detineat,
302 432 391 493 cultis
407 439 457 492 aut
472 432 570 512 elegia
585 434 693 508 comis3

57 521 144 585 5Sed
158 521 227 597 lege
242 518 360 590 fumoso
375 518 436 579 noir
451 516 640 595 aspernanda
653 517 815 578 Decembri

121 604 276 680 Carmina,
298 601 460 659 mittuntur
476 618 552 677 quae
566 602 623 660 tibi
639 619 743 660 mense
757 621 822 665 suo.

78 686 272 750 Commodias
285 685 345 742 nisi
357 684 440 743 forte
455 684 512 742 tibi
525 685 687 762 potiusque
700 684 837 763 videtur,

120 767 336 831 Saturnalicias
349 765 501 848 perdere,
521 768 638 845 Varro,
659 786 762 832 nuces.

454 934 561 995 XXXI.
571 936 575 945 '

78 1049 208 1128 Aspice,
230 1065 317 1125 quam
331 1044 459 1126 placidis
475 1045 603 1106 Insultet
619 1047 710 1105 turba
722 1046 857 1107 iuvencis

118 1132 160 1193 Et
174 1150 227 1191 sna
242 1148 330 1208 quam
343 1129 442 1188 facilis
456 1128 594 1208 pondera
607 1136 711 1189 taurus
727 1135 816 1191 amet.
860 1152 864 1161 ·

18 1226 39 1290 Υ
78 1211 227 1279 Cornibus
240 1214 292 1273 hic
305 1212 421 1292 pendet
436 1214 576 1288 summis,
597 1232 688 1291 vagus
703 1211 759 1271 ille
774 1231 831 1293 per
846 1235 944 1275 armos

120 1298 226 1359 Currit
240 1303 273 1357 et
288 1298 320 1355 in
334 1303 399 1356 toto
415 1295 542 1355 ventilat
556 1316 638 1355 arma
653 1298 737 1357 bove.

56 1385 122 1446 snt
133 1381 242 1441 feritas
256 1381 378 1440 unmota
393 1379 488 1457 riget:
509 1398 571 1439 non
586 1384 669 1438 esset
683 1379 798 1441 harena

121 1465 232 1525 Tutior
246 1469 278 1523 et
290 1468 434 1543 poterant
446 1460 559 1521 fallere
572 1461 663 1542 plana
674 1464 776 1540 magis.

77 1549 141 1611 Noe
154 1544 311 1627 trepidant
325 1554 446 1624 gestus,
468 1546 524 1604 sed
539 1544 578 1606 de
593 1546 767 1606 discrimine
782 1547 899 1627 palmae

125 1632 257 1691 Securus
268 1647 346 1710 puer
360 1635 425 1706 est,
446 1626 674 1706 sollicitumque
687 1647 789 1709 pecus.

447 1794 567 1855 XXXII

77 1896 283 2003 Quadrantem
298 1922 428 2001 crispus
442 1920 571 2000 tabulis,
590 1920 752 1999 Faustlne,
775 1923 924 2002 supremis

118 2008 187 2068 Non
202 2005 289 2067 dedit
302 2006 398 2067 uxorl.
429 2006 510 2085 „cui
523 2004 610 2065 dedit
623 2023 697 2084 ergo
704 2005 742 2063 Ψ(
769 2005 843 2068 Sibi.

380 2202 382 2205 ·
440 2171 573 2236 XXXIII.

77 2306 213 2384 Carpere
228 2301 396 2363 causidicus
408 2304 510 2368 fertur
523 2323 591 2365 mea
604 2305 751 2363 carmina:
773 2305 840 2382 quis
855 2305 911 2382 sit,
924 2288 931 2293 ⁸

118 2387 245 2450 Nescio:
267 2388 294 2446 si
307 2387 429 2477 sciero,
442 2407 497 2448 vae
513 2389 587 2466 tibI,
608 2386 769 2447 causidice.

439 2547 574 2639 numu.
702 2548 713 2559 “

77 2679 164 2737 Hanc
185 2678 258 2757 tibi,
278 2678 395 2740 Fronto
416 2682 521 2758 pater,
543 2677 684 2755 genetrix
705 2672 869 2751 Flaccilla,
891 2673 1021 2756 puellam

120 2758 233 2822 Oscula
248 2761 424 2823 commendo
441 2760 628 2838 deliciasque
645 2778 743 2839 meas,
1055 2783 1058 2789 “

77 2844 205 2905 Parvula
219 2863 259 2904 ne
275 2848 377 2924 nigras
392 2847 552 2905 horrescat
564 2845 695 2904 Erotion
709 2846 832 2906 umbras

119 2929 241 3006 Oraque
257 2929 400 2991 Tartarei
413 2929 589 3009 prodigiosa
607 2929 699 2991 canis.

55 3011 245 3091 slmpietura
260 3013 319 3073 fnit
333 3020 437 3072 sextae
451 3013 540 3072 modo
556 3013 673 3088 frigora
689 3013 830 3087 brumae,
898 3064 901 3069 ,

119 3097 256 3158 Vixisset
269 3095 398 3156 totidem
412 3092 558 3155 nimione
574 3095 631 3154 illa
644 3095 728 3156 dics'
844 3127 852 3185 ,I
1016 3161 1018 3168 y

75 3180 160 3239 luter
175 3186 236 3239 tam
250 3186 373 3239 veteres
387 3179 598 3240 Indat‘losciua
611 3184 757 3258 patronos
813 3197 815 3201 ·
925 3237 931 3255 ,

118 3264 160 3323 Et
174 3279 286 3323 nomen
302 3260 406 3323 blaeso
423 3264 536 3342 garriat
553 3281 607 3321 ore
622 3279 729 3321 meum.

75 3344 187 3406 Mollia
200 3364 263 3406 non
276 3345 394 3424 rigidus
408 3340 515 3427 cespes
531 3351 615 3424 tegat
632 3363 716 3419 ossa,
737 3338 871 3420 necilli,
990 3418 992 3423 y
1018 3378 1021 3382 -

18 3476 21 3482 .
34 3442 68 3494 10
117 3430 233 3509 '1¹erra,
254 3426 352 3509 gravis
366 3431 478 3493 fueris:
500 3449 560 3490 nou
575 3429 634 3488 fuit
648 3424 702 3486 illa
716 3427 782 3501 tibi.

773 3507 819 3572 Q*
