2264 3786
350 180 357 196 '
406 223 569 331 'mnan
584 224 807 299 monemus

585 429 636 490 IX.

182 539 309 601 Solvere
325 539 505 601 dodrantem
519 558 618 622 nuper
631 541 705 616 tibi,
726 542 857 620 Quinte,
878 543 1003 604 volebat

193 674 197 684 ,
221 625 336 704 Lippus
350 623 464 704 Hylas,
485 624 588 684 luscus
602 622 668 684 volt
682 623 755 684 dare
771 625 937 693 dimidium.
953 651 958 660 ·

181 711 296 788 Accipe
310 709 547 789 quamprimnm3
568 708 671 768 brevis
684 713 732 767 est
747 711 865 769 occasio
879 709 969 774 lueri.
984 751 986 755 -

223 793 255 851 Si
269 792 365 852 fu'erit
380 811 503 872 caecus,
524 790 570 851 nil
584 792 641 851 tibi
656 790 756 852 solvet
768 791 873 870 Hylas.

589 908 628 986 il.

181 1037 265 1096 Emit
277 1036 417 1097 lacernas
430 1035 553 1096 milibus
569 1036 675 1096 decem
689 1037 800 1097 Bassus

182 1120 292 1198 'syrias
309 1119 420 1180 coloris
435 1122 552 1201 optimi.
581 1121 758 1181 Lucrifecit.
825 1151 827 1155 ι

182 1201 290 1281 „Adeo
304 1205 384 1263 bene
399 1205 515 1265 emit'l“
536 1205 647 1282 inquis.
675 1205 766 1264 immo
781 1222 842 1264 uon
857 1205 963 1268 solvet.

584 1339 635 1400 Xl.

180 1453 362 1519 Pervenisse
380 1458 461 1513 tuam
475 1456 534 1535 iam
548 1460 580 1513 te
595 1455 654 1513 scit
666 1452 791 1512 Rhenus
804 1452 836 1510 in
851 1453 974 1526 urbem;
1024 1434 1027 1451 ¹

221 1535 296 1594 Nam
310 1535 417 1617 populi
430 1556 520 1597 voces
536 1537 620 1596 audit
633 1543 667 1597 et
680 1535 735 1596 ille
750 1535 804 1596 tui‘.
896 1568 900 1575 ,

180 1620 360 1680 Sarmaticas
374 1621 467 1681 etiam
480 1629 588 1699 gentes
603 1622 802 1698 Histrumque
811 1618 974 1698 'Getasque

219 1703 370 1764 Laetitiae
388 1703 501 1765 clamor
513 1706 627 1765 terruit
641 1705 708 1784 ipse
721 1709 827 1762 novae.

70 1826 76 1834 -
160 1786 259 1846 5Dum
275 1792 307 1846 te
320 1788 411 1866 longa
427 1807 513 1850 sacro
528 1794 713 1849 venerentur
727 1784 835 1866 gaudia
847 1786 955 1862 Circo,

220 1867 316 1929 Nemo
333 1879 441 1951 qnater
454 1873 562 1933 missos
577 1891 703 1932 currere
717 1870 814 1931 sensit
827 1887 934 1948 equos

94 1992 96 2001 ·
178 1951 302 2012 Nullum
316 1954 411 2015 Roma
425 1954 549 2034 ducem,
571 1963 676 2015 necte
690 1956 750 2032 sic,
772 1953 902 2032 Caesar,
917 1954 1040 2013 amavit:

221 2037 268 2095 Te
283 2057 404 2115 qnoque
417 2040 477 2153 iam
493 2058 555 2098 nou
568 2037 655 2119 plus,
675 2045 710 2099 ut
722 2034 821 2097 velit
811 2054 894 2117 apsa,
914 2043 1027 2118 potest.

575 2187 639 2249 XII.

180 2301 314 2361 Uxorem
330 2318 424 2379 quare
439 2299 626 2381 locupletem
642 2298 756 2360 ducere
769 2296 882 2375 nolim,

89 2380 92 2395 ¹
221 2384 397 2461 Quaeritis?
428 2386 525 2446 Uxori
538 2388 655 2446 nubere
672 2384 744 2443 nolo
758 2402 853 2444 meae.

181 2467 313 2529 inferior
326 2474 464 2531 matrona
478 2489 531 2530 suo
547 2470 602 2549 sit,
623 2470 747 2546 Prisce,
766 2469 890 2527 marito:

220 2541 289 2611 Non
299 2551 392 2613 aliter
405 2554 483 2615 fiunt
495 2554 609 2614 femina
621 2555 728 2629 virque
742 2568 851 2662 pares
946 2600 949 2609 ,

572 2688 650 2750 XIII.

180 2795 282 2857 Morio
298 2796 398 2866 dietus
410 2805 493 2860 emt:
509 2800 616 2878 viginti
631 2798 753 2861 milibus
767 2801 834 2859 emi.

129 2959 135 2970 l
221 2879 332 2951 Redde
340 2883 418 2943 ,mihi
433 2901 588 2962 nummos,
609 2883 800 2962 Gargiliane:
822 2882 910 2960 sapit.

536 3074 539 3081 .
570 3016 650 3079 xlv.

180 3098 298 3188 Pallida
312 3148 352 3189 ne
366 3131 495 3193 Cilicum
509 3136 637 3193 timeant
649 3132 785 3211 pomaria
798 3131 935 3199 brumam

182 3211 366 3276 Mordeat
383 3222 416 3276 et
428 3222 569 3276 tenerum
582 3215 701 3275 fortior
710 3230 916 3290 aaronem,

176 3264 328 3356 ilibernis
345 3299 465 3360 obieeta
480 3301 561 3359 notis
579 3296 750 3378 specularia
762 3316 855 3378 puros
950 3364 955 3384 ι
1000 3298 1004 3308 ’

207 3375 395 3446 Admittunt
407 3384 494 3446 soles
511 3391 547 3446 et
562 3384 630 3446 sine
643 3383 733 3443 iaeee
746 3381 840 3440 duem

124 3456 199 3516 5At
208 3463 295 3526 milri
307 3466 395 3532 eella
409 3469 526 3552 datur,
546 3490 614 3532 non
626 3476 697 3530 tota
709 3465 799 3526 elusa
807 3463 971 3531 tenemus,
1018 3474 1024 3482 ¹
