2264 3786
308 238 792 308 uuiuunnuuuouuuur.
1017 210 1063 309 ’11

120 391 246 450 Possum
261 391 433 466 Hecubam,
454 408 575 469 possum
590 392 733 470 Niobam,
754 394 916 474 Matrinio,
937 396 990 458 sed
1008 400 1033 457 si
1126 418 1129 425 ’

162 474 302 535 Nondum
317 477 379 534 erit
391 475 445 534 illu
459 476 557 552 cunis,
579 475 713 535 nondum
728 479 789 537 erit
804 477 859 538 illu
871 479 959 560 lupis.

480 606 614 670 XXXIII.

119 720 281 798 ingenuum
295 716 393 795 malo,
414 716 470 779 sed
485 720 511 778 si
525 726 626 779 tumen
640 717 694 780 ills
707 729 855 800 uegetum

160 803 320 870 Libertina
333 803 406 862 mihi
420 804 557 883 proximu
572 802 709 864 conditio
724 812 787 865 est:

119 888 264 946 Extremo
278 892 327 945 est
340 885 451 945 ancillo
463 884 547 945 ioco:
568 886 625 945 sed
641 889 744 948 vincet
756 896 931 969 utrumque,

162 971 196 1029 Si
208 971 288 1029 facie
303 971 393 1031 nobis
402 971 479 1030 hnec
493 971 556 1029 erit
568 971 708 1048 ingenus.
839 968 842 975 ’

480 1102 617 1167 XXXIV.

118 1219 216 1295 Digna
228 1195 281 1277 tuo
297 1237 350 1277 cur
366 1217 408 1276 sis
421 1215 607 1296 indignaque
622 1221 760 1297 nomine,
783 1220 887 1282 dicum.

159 1300 285 1380 Frigido
299 1319 333 1360 11
346 1306 379 1361 ci
391 1302 479 1379 nigro
492 1319 542 1361 es:
560 1319 667 1361 nones
683 1308 715 1363 et
730 1321 763 1362 es
778 1306 905 1368 Chione.

483 1432 608 1498 XXXV.

117 1546 202 1606 Artis
215 1543 379 1604 Phidiacae
393 1551 532 1605 toreuma
547 1543 660 1607 clarum

116 1631 221 1703 Pisces
236 1629 362 1707 aspicis:
384 1626 462 1703 udde
480 1648 604 1707 uquam,
626 1631 782 1691 natabunt.

479 1776 616 1842 XXXVI.

117 1888 206 1967 Quod
220 1908 314 1950 novus
326 1894 359 1949 et
372 1907 471 1969 nuper
484 1889 583 1951 fuctus
596 1890 654 1953 tibi
668 1895 806 1969 praestat
819 1892 949 1969 amicus,

157 1975 225 2033 Hoc
238 1979 398 2052 proestare
412 1975 500 2033 iubes
510 1993 582 2052 me,
602 1974 753 2051 Fabiano,
775 1974 848 2033 cibi:

113 2055 267 2118 Horridus
282 2063 315 2116 ut
325 2059 424 2136 primo
439 2064 472 2117 te
487 2076 610 2137 semper
624 2075 711 2116 mane
727 2057 855 2118 sulutem

155 2143 217 2201 Per
231 2140 425 2218 mediumque
439 2143 541 2201 cruhut
554 2160 603 2201 me
616 2147 668 2201 tus
683 2139 760 2202 11111
773 2141 886 2221 lutum,

93 2226 228 2286 sLussus
242 2233 276 2284 ut
289 2224 322 2283 in
335 2225 471 2285 thermus
484 2224 603 2285 decimu
614 2223 665 2284 vel
679 2226 779 2285 serius
792 2227 870 2288 horu

158 2309 204 2368 'l'c
220 2327 331 2387 sequor
344 2309 515 2389 Agrippae,
537 2329 604 2369 cum
620 2306 705 2369 lover
720 2310 787 2388 ipse
804 2310 879 2369 'riou

114 2394 182 2453 Hoc
197 2410 255 2472 per
270 2392 395 2470 triginta
409 2395 522 2471 mcrui,
544 2393 695 2468 Fabiano,
716 2393 920 2467 Decembres,

155 2477 198 2536 Ut
213 2477 270 2535 sim
283 2477 344 2535 tiro
359 2481 429 2534 tuuc
444 2494 566 2555 semper
579 2475 752 2556 amicitipc?
876 2528 884 2553 ,

114 2560 182 2619 Η11
197 2559 312 2637 merui,
332 2558 484 2636 Fabiam,
505 2558 725 2636 togvtrituque
739 2575 884 2636 meique,

74 2655 106 2706 10
154 2644 197 2711 Ui
210 2641 344 2703 nondum
358 2640 467 2702 credas
482 2660 531 2701 me
546 2640 694 2703 meruisse
709 2639 839 2703 rudem?
934 2688 943 2699 .

416 2745 423 2755 ’
469 2774 618 2838 xxxvii.

113 2892 206 2953 irasci
220 2898 337 2953 tuntum
352 2892 460 2954 felices
474 2894 572 2953 nostis
587 2892 684 2971 omici.

113 2977 182 3037 Non
196 2975 280 3038 bclle
295 2977 422 3056 fuciiIs,‘
436 2976 492 3037 sed
507 2979 589 3037 iurat
600 2978 674 3036 hoc:
694 2978 797 3038 facite.

466 3111 628 3172 XXXVili.

114 3224 199 3299 Quae
212 3229 245 3282 te
261 3243 350 3284 ceusu
364 3223 460 3285 truiiit
472 3222 523 3284 rel
538 3243 615 3303 quue
626 3222 737 3282 iiducis
754 3198 899 3296 Romam:

155 3306 273 3367 Sexte?
292 3307 366 3386 quid
382 3317 433 3369 uut
445 3314 617 3388 operosum
630 3309 711 3387 petis
726 3303 822 3363 inde?
842 3305 937 3363 refer.

113 3391 271 3468 „cuusns“
285 3393 386 3470 inquis
400 3411 507 3470 „upum
522 3393 673 3452 Cicerone
688 3387 834 3447 disertior
847 3388 914 3467 ipso

154 3475 257 3554 Atque
272 3475 333 3535 erit
346 3476 379 3535 in
392 3474 507 3556 triplici
520 3495 576 3557 por
591 3474 665 3534 mihi
679 3491 768 3533 nemo
782 3471 885 3532 111111ι

804 3555 872 3616 agr
