2264 3786
378 629 423 703 u.
452 628 554 703 vlu.
578 629 833 738 minumus

296 742 986 909 ιιιιιιιιιιιιίι
1091 816 1094 822 ·

498 965 656 1070 mann
682 984 719 1059 x,

597 1168 619 1228 1.

177 1277 210 1338 Si
222 1277 332 1339 nimlas
346 1277 454 1339 videor
468 1298 598 1361 seraque
613 1280 759 1341 coronide
771 1279 893 1361 longus.

215 1362 293 1422 Esse
306 1360 403 1441 liber,
421 1360 518 1442 legito
532 1383 641 1443 pauca:
659 1363 862 1428 libellarem
968 1396 970 1401 ·

177 1444 301 1523 Terque
317 1452 484 1527 quaterque
498 1447 574 1507 mihi
586 1448 691 1508 linitur
706 1451 838 1511 carmine
854 1469 951 1528 paruo

81 1517 88 1540 “
207 1529 342 1609 ,Ριςίιιιε
363 1531 411 1589 fac
425 1530 482 1590 tibi
494 1549 544 1591 me
562 1550 650 1610 quam
663 1533 748 1612 cupis
762 1551 831 1593 esse
846 1535 982 1596 brevem.
1010 1588 1013 1595 .

963 1622 979 1651 o

598 1665 632 1726 ll.

174 1774 330 1836 Festinata
342 1776 429 1855 prior
447 1774 558 1837 decimi
567 1776 644 1848 mihi
659 1795 730 1835 cura
743 1772 860 1834 libelli‘

218 1856 362 1938 Elapsum
375 1861 512 1921 manibus
525 1880 605 1921 nune
618 1858 773 1919 revocavit
784 1869 881 1937 opun‘
1000 1906 1003 1910 n

175 1942 255 2001 Nota
266 1942 353 2019 leges
366 1942 529 2022 quaedam,
549 1942 604 2003 sed
617 1941 691 2001 lima
706 1961 774 2002 rasa
787 1946 937 2021 receuti:-

214 2025 290 2084 Pars
304 2044 382 2085 nova
394 2028 490 2087 maior
504 2029 580 2087 erit:
600 2025 716 2101 lector,
737 2027 860 2102 utrique
873 2029 961 2108 fare,

153 2108 307 2185 5Lector,
328 2126 402 2189 opes
419 2107 556 2170 nostrae:
575 2128 665 2189 quem
686 2127 753 2168 cum
766 2111 842 2170 mihi
856 2111 954 2174 Roma
968 2113 1106 2188 dedisset,

215 2190 287 2267 „Nil
301 2192 358 2252 tibi
373 2193 454 2274 quod
469 2193 575 2255 demus
589 2195 684 2253 maius
698 2193 866 2254 habemus“
882 2197 940 2257 ait„

173 2275 286 2353 „Pigra
299 2294 357 2356 per
370 2277 451 2336 hune
464 2279 563 2357 fugies
575 2277 712 2356 ingratae
726 2277 849 2337 flumina
862 2278 980 2341 Lethes

209 2360 255 2420 lit
269 2358 397 2420 meliore
410 2363 455 2421 tui
468 2369 556 2442 parte
570 2366 727 2441 superstes
741 2361 812 2421 eris.
955 2414 958 2418 ,

172 2443 327 2503 Marmora
341 2444 596 2505 Messalaeiindit
610 2431 769 2523 caprificus
785 2450 817 2503 et
831 2445 928 2507 audax
971 2444 981 2451 “

132 2537 166 2588 10
211 2526 365 2588 Dimidios
375 2529 478 2609 Crispi
491 2529 583 2589 mulio
598 2529 681 2589 ridet
695 2545 803 2606 equos:

172 2610 214 2669 At
227 2609 342 2695 chartis
354 2630 413 2672 nec
426 2613 489 2672 fata
501 2620 614 2674 nocent
628 2620 661 2674 et
674 2608 794 2670 saecula
806 2620 952 2690 prosunt,

214 2689 348 2771 Solaque
362 2714 423 2753 non
437 2703 549 2756 norunt
563 2699 639 2757 haec
653 2695 838 2755 monimenta
853 2698 967 2758 mori.“

576 2829 638 2890 m*
734 2826 736 2833 ,

172 2937 524 3019 vernaculorumque,
544 2940 700 3002 sordidum
715 2916 856 3021 dentem‘,
921 2996 924 3001 .

171 3023 214 3082 Et
226 3022 318 3083 foeda
331 3020 454 3101 liuguae
468 3027 581 3104 probra
596 3023 813 3101 circulatricis,

173 3107 257 3182 Quae
272 3103 449 3187 sulphurato
468 3105 548 3169 nolit
561 3115 662 3189 empta
674 3115 812 3170 ramento

171 3190 363 3250 Vatiniorum
374 3200 542 3271 proxeneta
556 3193 739 3269 fractorum,

142 3273 266 3335 5Poeta
282 3274 408 3357 quidam
422 3270 625 3338 clancularius
638 3279 755 3358 spargit
810 3323 816 3330 .

46 3408 49 3417 .
153 3357 199 3419 m
215 3359 284 3424 volt
300 3361 406 3428 videri
414 3371 542 3428 nostra.
573 3359 928 3439 mediummedium„
