2264 3786
303 187 637 248 EPIGRAMMATON
652 187 725 250 Lm.
742 188 779 251 X.

94 332 223 413 5Κύριε
234 356 316 416 μου,
338 334 409 414 μέλι
425 356 506 416 μου,
527 332 614 417 ψυχή
632 358 697 417 μου
712 340 981 420 congeriemque,

155 422 216 481 Pro
231 421 344 503 pudor!
371 420 525 480 Hersilioe
539 423 612 481 ciris
628 428 660 482 et
673 423 813 500 Egeriae.

113 504 259 566 Lectulus
273 506 446 581 horraeos,
466 522 524 563 neo
538 503 670 565 lectulus
685 504 787 564 audiat
801 507 915 583 omnis,

156 588 218 648 Sed
235 607 324 667 quem
338 585 450 647 lascivo
465 589 571 647 stravit
585 591 678 648 amica
692 590 769 648 viro.
831 626 839 649 s

113 673 201 732 Scire
216 672 301 751 cupis
316 690 375 749 quo
390 677 472 730 casta
485 670 578 731 modo
589 678 726 732 matrona
739 669 890 750 loquoris:

72 767 105 818 10
153 753 320 834 Numquid,
341 755 547 832 numerianus,
569 754 709 816 blandior
725 772 793 815 ease
806 756 917 837 potes?
958 798 962 805 -

114 839 163 898 Tu
177 837 253 897 licet
267 837 384 897 ediscas
398 842 493 896 totam
506 836 686 918 referasque
700 839 887 915 Corinthon,

157 922 223 982 Non
240 928 342 981 tamen
358 920 495 1000 omniuo,
516 920 635 1000 Laelia,
655 923 726 982 Lais
741 922 812 982 eris.

450 1055 459 1063 ’
486 1053 593 1117 LXIX.

114 1165 347 1245 (inuadendos,
366 1165 469 1245 Polla,
490 1169 572 1248 viro,
594 1188 656 1229 non
670 1169 782 1248 accipis
795 1168 869 1249 ipsa.

153 1252 220 1312 Hoc
234 1258 282 1311 est
295 1268 419 1311 uxorem
435 1249 564 1330 ducere,
584 1250 690 1331 Polla,
710 1253 815 1313 virum.

497 1383 589 1447 Lxx.

116 1493 203 1571 Quod
217 1495 291 1556 milri
305 1495 353 1553 vix
367 1512 444 1553 unus
457 1500 524 1554 toto
537 1495 619 1556 liber
633 1503 722 1557 exeat
735 1515 830 1577 anuo,

153 1578 295 1649 Desidiae
310 1578 367 1637 tibi
382 1597 462 1655 sum,
485 1577 575 1639 docte
589 1580 710 1658 Potite,
732 1598 814 1643 reus.

112 1661 221 1720 iustius
237 1667 268 1720 at
284 1665 394 1740 quanto
410 1662 541 1738 mirere,
563 1662 644 1740 quod
659 1669 747 1723 exeat
760 1682 854 1741 uuus,

152 1745 305 1803 Labantur
319 1743 377 1802 toti
392 1762 458 1802 oum
474 1745 547 1803 mihi
563 1763 654 1825 caepe
670 1745 744 1807 dies.

88 1827 176 1887 5Non
193 1828 394 1887 resalutantes
407 1826 496 1887 video
509 1835 676 1888 nocturnus
690 1830 817 1904 amicos,

152 1910 298 1971 Gratulor
313 1917 346 1969 et
359 1908 479 1985 multis3
499 1928 605 1991 nemo,
627 1912 746 1990 Potite,
768 1913 852 1976 mihi
906 1958 907 1963 η

110 1995 196 2052 Nunc
210 1993 248 2054 ad
260 1995 418 2054 luciferam
432 1996 530 2074 signat
543 2013 610 2055 mea
624 2013 740 2073 gemma
752 1997 899 2073 otmar,

154 2077 240 2136 Nunc
254 2096 302 2137 me
316 2079 413 2158 prima
429 2079 503 2156 sibi,
524 2098 603 2139 nuno
618 2080 795 2159 sibiquinta
809 2081 900 2158 rapit.

992 185 1053 250 245

112 2159 198 2219 Nunc
213 2159 318 2220 consul
331 2163 494 2242 prattorve
509 2169 596 2223 tenet
609 2162 800 2245 reducesque
816 2164 961 2240 choreae,
1083 2192 1086 2197 ,

73 2255 104 2305 10
151 2244 282 2304 Auditur
296 2251 361 2305 tota
376 2263 467 2325 saepe
482 2253 573 2326 poeta
586 2246 646 2311 die.

111 2327 172 2386 Sed
186 2346 244 2388 neo
259 2328 409 2388 causidico
424 2331 521 2408 poesis
537 2332 660 2409 impune
673 2348 803 2408 negare,

151 2412 216 2470 Neo
230 2413 256 2471 si
270 2419 301 2472 te
316 2413 424 2471 rhetor
437 2416 683 2490 grammaticusve
696 2418 822 2490 rogent:

110 2494 223 2554 Balnea
238 2503 308 2575 post
322 2495 467 2555 decimam
482 2495 560 2554 lasso
577 2502 757 2572 centumque
774 2500 920 2574 petuntur

151 2577 349 2653 Quadrantcs.
374 2577 447 2638 Fiet
460 2578 597 2658 quando,
617 2578 736 2656 Potite,
757 2577 860 2640 liber?

485 2710 590 2772 LXXI.

110 2822 252 2900 Quisquis
266 2821 347 2883 laeta
360 2824 421 2882 tuis
437 2828 470 2882 et
483 2841 553 2882 sera
567 2825 751 2904 parentibus
760 2830 846 2904 optor

148 2905 239 2982 Fata,
261 2907 384 2966 brevem
399 2905 520 2967 titulum
535 2909 693 2968 marmoris
706 2910 796 2968 huius
810 2927 883 2968 ama.

107 2987 254 3048 condidit
268 2990 325 3050 hac
340 3011 424 3050 caros
439 2990 554 3050 tellure
566 2993 707 3052 Rabirius
721 2994 857 3052 umbras:

147 3069 231 3131 Nulli
248 3078 331 3132 sorte
346 3074 449 3133 iacent
463 3074 639 3134 candidiore
655 3094 754 3137 senes.

83 3154 228 3214 5Bis'sex
242 3153 340 3216 lustra
353 3159 415 3217 tori
431 3177 491 3218 nox
504 3159 586 3216 mitis
602 3164 635 3216 et
646 3157 752 3218 ultima
765 3154 872 3233 clusit,
978 3146 985 3163 '

148 3238 300 3298 Arserunt
314 3259 374 3297 uno
388 3241 497 3300 funera
513 3242 584 3300 bina
597 3259 682 3317 rogo.

105 3320 170 3379 Hos
184 3328 285 3381 tamen
299 3329 334 3381 ut
345 3324 452 3401 primis
466 3330 570 3405 raptos
583 3324 643 3403 sibi
656 3322 779 3402 quaerit
787 3323 826 3380 in
835 3321 936 3383 annia.

139 3403 313 3482 Improbiua
325 3404 408 3467 nihil
421 3409 473 3471 his
487 3409 619 3472 fletibus
633 3426 706 3470 ease
716 3410 843 3489 ootesn.
