2264 3786
293 197 629 274 EPIGRAMMATON
641 200 715 264 LlB
731 201 807 265 Vlll.
1001 203 1063 267 loo

95 349 236 426 occurre,
256 367 328 427 age,
350 355 383 409 et
397 348 504 410 illotos
518 369 646 428 revoca,
668 348 812 431 Calliste,
834 354 1006 429 ministros3

160 433 343 492 Sternantur
357 431 448 493 lecti:
471 432 665 511 caeciliane,
686 434 771 495 aede.
885 446 888 457 ·

118 515 244 576 Caldam
257 517 360 596 porcia
375 536 497 594 aquam5
517 515 651 578 nondum
663 519 738 577 mihi
751 517 865 597 frigida
878 523 978 595 veult;

158 597 252 678 Alget
265 598 364 659 adhuc
376 599 458 660 nudo
473 598 558 660 clusa
573 599 673 661 culina
686 601 765 664 foco.

118 683 212 743 Mane
226 684 296 743 veni
309 685 428 762 potiua3
448 703 517 743 nam
531 704 586 744 cur
599 691 632 745 te
647 686 753 763 quinta
765 686 924 747 moretur?
963 724 966 731 ,

73 778 108 827 10
157 767 199 826 Ut
211 767 327 844 iantea,
349 785 436 845 aero,
458 767 647 846 caeciliane,
667 769 761 830 venia.

382 906 385 912 “
482 899 605 963 valn

119 1012 178 1088 Qui
192 1012 358 1091 Corcyraei
372 1010 448 1072 vidit
462 1014 597 1092 pomaria
611 1015 711 1093 regio,
850 1070 853 1075 .

159 1095 237 1174 Ilua,
258 1094 402 1175 Entelle,
424 1101 495 1157 tuae
508 1097 669 1177 praeferet
683 1095 739 1158 illc
754 1097 870 1160 domur.

116 1178 219 1239 lurida
233 1198 406 1259 purpureos
418 1187 487 1240 urat
500 1198 540 1240 ne
553 1181 661 1240 bruma
675 1200 813 1242 racemos

156 1263 197 1323 Et
211 1262 348 1341 gelidum
360 1264 473 1322 Bacchi
487 1281 613 1324 munera
625 1265 723 1344 frigus
736 1265 823 1341 edat,

94 1344 250 1406 ollondita
263 1347 425 1425 perspicua
438 1347 512 1406 vivit
527 1346 679 1409 vindemia
693 1367 810 1427 gemma

156 1430 197 1489 Et
210 1431 327 1508 tegitur
343 1428 435 1507 felix,
457 1448 516 1491 nec
533 1435 635 1491 tamen
648 1451 704 1491 uva
719 1430 805 1493 latet

113 1511 293 1573 Femineum
305 1513 427 1573 lucet
403 1533 447 1574 alc
460 1533 522 1595 per
530 1516 712 1595 bombycina
726 1536 852 1604 corpus,
917 1580 921 1585 ,

159 1594 325 1657 Calculus
315 1615 349 1656 ιιι
362 1596 498 1657 nitida
474 1617 518 1658 nc
536 1606 714 1660 numeratur
729 1619 814 1679 aqua

115 1679 194 1756 Quid
208 1699 270 1739 nun
283 1681 406 1759 ingenio
420 1676 525 1743 voluit
530 1689 639 1742 natura
652 1683 773 1744 licere?

73 1771 108 1822 10
155 1764 357 1824 Acetumnnm
373 1762 490 1824 sterilia
504 1765 593 1825 ferre
604 1760 729 1827 iubetur
743 1768 850 1827 hiems.
914 1812 915 1815 ,

494 1897 600 1959 LXIX.

114 2008 239 2068 Miraris
255 2015 395 2111 veterea,
416 2007 567 2088 Vacerra,
589 2007 688 2090 uolua,

113 2092 178 2152 Nec
190 2090 339 2152 landas
308 2093 369 2152 nni
384 2099 520 2154 mortuos
533 2100 651 2173 poetar.

112 2176 253 2264 Ignoscas
264 2178 412 2258 petimus,
432 2176 581 2240 Vacerra·
603 2180 681 2238 tanti

113 2260 181 2319 Non
197 2266 261 2338 eat,
280 2267 315 2320 ut
326 2258 465 2340 placeam
477 2261 551 2340 tibi,
572 2264 686 2341 perire

500 2407 593 2471 LXX.

86 2521 89 2529 “
115 2518 234 2594 Quanta
248 2522 334 2599 quiea
348 2518 478 2602 placidi,
499 2527 585 2582 tanta
599 2525 647 2581 eat
660 2518 800 2580 facundia
814 2518 949 2600 Nervae,

155 2601 218 2662 Sed
232 2605 357 2665 cohibet
370 2606 476 2665 vires·
465 2605 683 2684 ingeniumque
696 2602 803 2683 pudor.
1014 2613 1017 2620 ’

113 2683 229 2744 Cum
204 2705 320 2756 auocare
334 2709 450 2749 sacram
463 2686 549 2766 largo
563 2687 758 2748 Permessida
772 2694 878 2767 poscet

155 2766 234 2846 Ore,
254 2771 458 2832 verecundam
472 2771 580 2832 maluit
594 2790 663 2832 ease
678 2773 776 2848 sitim,

91 2813 247 2912 5Pieriad1
260 2856 346 2915 tenni
361 2857 497 2916 frontem
511 2855 658 2917 redimire
673 2876 786 2916 corona

155 2935 340 3015 Contentus,
362 2938 460 3001 lamae
476 2959 534 3001 nec
550 2940 624 3001 dare
638 2939 707 3001 vela
721 2959 825 3003 snae.

112 3017 175 3077 Sed
190 3025 292 3080 tumen
306 3019 386 3083 hunc
400 3026 499 3084 noatri
514 3026 573 3086 acit
586 3025 735 3105 temporis
752 3040 821 3083 esse
836 3019 1010 3098 Tibullum,

155 3101 295 3164 Carmina
310 3105 461 3186 quidocti
474 3114 547 3168 nota
560 3109 692 3169 Neronis
706 3108 808 3167 habet.

494 3242 598 3302 LXXL

114 3350 264 3425 Quattuor
280 3353 398 3430 argenti
412 3352 510 3415 libras
524 3354 602 3414 mihi
613 3359 760 3434 temnere
770 3353 909 3412 ururuae

146 3433 264 3494 Misisti
276 3443 349 3496 ante
366 3456 480 3521 annor,
504 3440 735 3520 Postumiam,
751 3435 885 3503 decem

91 3511 200 3574 Mune.
860 3513 912 3578 l‘da
1039 3536 1094 3572 ,Δ
