2264 3786
90 200 151 269 soe
407 148 796 281 mssvannmnnmms

172 354 314 437 Speranti
327 353 432 437 plures
445 387 489 400 --
501 373 571 415 nam
584 360 667 415 stare
678 360 733 416 aut
748 372 891 417 crescere
907 356 1023 420 debent

212 440 343 500 Munera
355 443 560 500 —venerunt
574 437 681 519 plusve
696 440 832 499 minusve
848 438 937 503 duae.

150 524 300 584 5'l'ert1us
312 529 348 582 'et
362 528 487 602 quartus
500 520 595 581 multo
608 522 758 582 inferiora
771 520 922 588 tulerunt.

211 606 305 666 Libra
318 607 379 665 fuit
393 606 499 684 quinto
514 605 688 685 Septiciana
702 604 835 685 quidem.
922 618 923 623 ’

169 687 327 750 Bessalem
340 687 541 750 aesomnium
560 694 646 749 sexto
659 690 855 768 pervenimus
869 708 968 769 anna3

210 773 286 833 Post
298 774 379 832 hunc
393 773 426 831 ln
440 771 541 832 cotula
554 792 624 832 rasa
637 770 752 832 selibra
766 771 839 832 data·
854 779 913 834 est.

170 857 299 918 Octavus
312 853 437 935 ligulam
450 857 533 916 misit
547 860 685 917 sextante
699 855 866 931 minorem;

128 950 159 1003 10
209 940 313 1000 Nouus
327 959 382 998 acu
395 937 493 999 levius
507 940 556 999 vix
571 937 734 999 cochleare
748 937 830 1002 tulit.
1015 1014 1018 1019 ¹

171 1021 260 1099 Quod
272 1023 375 1082 mittat
387 1023 476 1082 nobis
491 1020 627 1082 decimus
641 1023 701 1082 iam
715 1024 885 1085 nonhabet
899 1043 1009 1087 annus:

212 1107 363 1182 Quattuor
376 1103 416 1165 ad
428 1102 542 1185 libras,
561 1104 774 1186 romaniane,
795 1105 874 1169 redi.

535 1268 654 1333 LXXII.
767 1293 866 1341 ,ι

169 1380 310 1444 Nondum
323 1386 439 1447 murice
454 1383 554 1460 cultus
568 1403 739 1466 asperoque
787 1448 791 1455 ,
845 1382 852 1389 ’

168 1467 276 1528 Morsu
290 1470 419 1550 pumicis
434 1456 512 1530 aridi
528 1467 644 1566 politus

165 1551 320 1613 Arcanum
337 1572 485 1635 properas
500 1551 604 1634 sequi,
624 1548 752 1631 libelle,

168 1635 265 1709 Quem
278 1636 509 1717 pulcherrima
499 1656 559 1697 1am
573 1635 679 1698 redire
692 1635 847 1717 Narbo,

146 1717 261 1780 5Docti
274 1719 376 1781 Narbo
389 1721 524 1782 Paterna
537 1719 681 1800 Votieni,

168 1801 218 1862 Ad
230 1801 316 1882 leges
329 1805 417 1865 iubet
431 1822 607 1885 annuosque
623 1805 739 1878 fascem

167 1886 257 1946 Votis
272 1887 355 1966 quod
367 1890 493 1968 paribus
507 1885 563 1949 tibi
577 1887 745 1969 petendum
758 1892 820 1964 est,

71 2042 76 2057 Ι
169 1969 335 2049 Continget
348 1970 435 2032 locus
448 1970 504 2034 ille
518 1978 554 2044 ¹et
565 1972 617 2031 hle
634 1972 756 2032 amians.
836 2015 837 2018 ι

168 2052 262 2127 Quam
276 2053 387 2115 vellem
401 2056 471 2116 fieri
484 2072 569 2117 meua
583 2051 722 2115 libellus!

531 2213 663 2276 nxxm.
751 2174 754 2179 ’

167 2326 312 2405 Instanti,
335 2346 394 2406 quo
409 2346 467 2388 nee
481 2329 633 2389 sincerior
648 2325 727 2387 alter
740 2327 871 2387 habetur

207 2411 355 2490 Pectore,
377 2430 435 2472 nec
448 2413 537 2472 nivea
551 2409 747 2492 simplicitate
761 2411 863 2491 prior,

168 2493 201 2554 si
215 2493 331 2556 dare
302 2514 348 2556 ιιι
362 2502 487 2556 nostrae
501 2497 583 2556 vires
600 2497 778 2575 animosque
791 2493 921 2555 Thaliae
1015 2520 1020 2532 ·

206 2579 248 2640 Et
260 2580 378 2656 victura
390 2581 472 2660 petis
487 2582 635 2667 carmina,
657 2579 695 2639 da
709 2576 792 2658 quod
805 2596 911 2642 amem.

144 2662 301 2740 5Gynthia
313 2651 346 2722 te
359 2670 460 2723 vatem
474 2651 566 2742 fecit,
587 2663 700 2724 lascive
718 2663 881 2742 Properti;

207 2746 365 2824 Ingenium
380 2744 464 2806 Galli
481 2708 613 2826 pulchra
625 2745 754 2825 Lycoris
769 2750 845 2804 erat.

164 2828 257 2890 Fama
272 2835 320 2890 est
334 2831 434 2908 arguti
446 2829 587 2891 Nemesis
601 2831 736 2891 formosa
750 2825 883 2888 Tihulli.

205 2912 317 2973 Lesbia
331 2911 471 2991 dictavit,
490 2912 581 2974 docte
596 2909 736 2990 Catulle,
755 2911 823 2972 tihi.
932 2972 939 2985 ¹

164 2995 233 3057 Non
248 3015 298 3056 me
311 2995 434 3075 Peligni
447 3015 506 3058 uec
520 3003 649 3078 spernet
661 2995 788 3055 Mantua
801 3000 915 3070 vatem,

124 3088 158 3139 10
207 3080 240 3140 si
257 3101 315 3160 qua
331 3081 465 3142 Corinna
476 3083 567 3161 mihi,
590 3083 617 3142 si
633 3080 700 3160 quis
714 3077 820 3138 Alexis
837 3079 907 3138 erit.

534 3247 667 3308 LXXIV.

73 3410 80 3421 .
164 3357 390 3436 Hoplomachus
404 3381 484 3421 nnuc
500 3378 551 3435 es,
572 3359 675 3418 fueras
690 3356 915 3438 ophthalmicus
928 3359 1011 3415 ante.
1075 3348 1077 3353 ’

204 3440 322 3502 Fecisti
335 3442 471 3504 medicus
487 3441 570 3522 quod
584 3442 660 3502 facis
676 3440 907 3522 hoplomachus.
