2264 3786
177 324 179 331 A
266 239 606 341 semronmaron
620 222 747 304 nasu.
967 240 1030 306 aaa
1080 287 1085 295 .

84 394 229 473 Quisquis
243 395 305 454 eri·
320 395 419 454 nostri
432 400 504 475 post
517 410 565 453 me
582 400 728 472 regnator
741 390 850 473 agelli,

124 479 269 539 Manibus
283 479 400 556 exiguis
413 497 511 537 annua
524 479 603 537 iusta
617 475 696 537 dato.

61 561 139 624 asic
155 559 222 620 lare
237 570 406 642 perpetuo,
428 563 472 620 sic
486 562 575 621 turba
590 562 705 640 sospite
720 559 804 621 aolus

125 643 253 705 Flebilis
268 645 300 704 in
315 650 399 705 terra
414 645 454 704 ait
468 642 546 724 lapis
562 645 623 704 late
636 651 699 704 tua.

476 755 565 817 LXII.
605 826 608 831 ,

84 853 337 934 ludimagister,
357 873 451 937 parce
468 851 598 935 simplici
610 856 730 919 turbre.

85 938 136 997 Sic
152 942 185 998 te
198 939 380 1018 frequentes
396 937 519 998 audiant
533 935 667 1017 capillati

84 1022 126 1081 Et
140 1020 288 1082 delicatae
304 1019 412 1099 diligat
426 1022 536 1081 chorus
552 1039 695 1100 mensae,

84 1105 149 1164 Nec
164 1104 346 1182 calculator,
367 1123 426 1165 uec
441 1105 577 1165 notarius
590 1102 680 1165 velox

63 1189 206 1249 aMaiore
222 1189 379 1267 quisquam
394 1187 507 1248 circulo
521 1193 695 1251 coronetur.

85 1271 181 1332 Albae
195 1270 288 1333 leone
302 1272 442 1331 flammeo
460 1270 562 1331 calent
574 1269 662 1331 luces
781 1326 783 1331 ⁴

85 1355 272 1434 Tostamque
286 1356 409 1416 feruens
423 1353 517 1416 lulius
534 1356 638 1433 coquit
652 1371 791 1416 messem.
806 1356 811 1373 ⁸

86 1440 206 1499 Cirrata
218 1438 296 1498 loris
310 1438 445 1498 horridis
461 1438 593 1516 Scythae
606 1435 716 1518 pellis,

86 1524 152 1598 Qua
164 1521 315 1601 vapulavit
328 1523 467 1601 Marsyas
483 1520 687 1605 Celaeneus,

43 1603 282 1686 10Ferulaeque
292 1608 415 1682 tristes,
438 1612 560 1686 sceptra
575 1605 834 1684 paedagogorum,

87 1691 218 1749 Cessent
232 1696 264 1749 et
277 1688 347 1749 ldur
362 1686 559 1749 dormientia
574 1689 740 1749 Octobres:
823 1766 825 1770 y

85 1775 212 1834 Aestate
225 1773 314 1853 pueri
329 1772 355 1832 si
367 1770 486 1849 valent,
508 1772 581 1832 satis
596 1771 724 1831 discunt.

464 1880 566 1943 LXlll.

86 1973 237 2039 Marmora
250 1998 342 2059 parva
358 1978 497 2059 quidem,
516 1978 646 2039 sednon
662 1994 799 2054 cessura,
820 1977 955 2052 viatdr5‘

128 2061 261 2123 Mausoli
276 2065 355 2124 saxis
370 2063 621 2143 pyramidumque
634 2060 722 2139 legis.

86 2147 139 2205 Bis
153 2165 221 2206 mea
234 2148 369 2206 Romano
384 2153 520 2227 spectata
536 2152 584 2206 est
598 2147 661 2207 vita
675 2145 828 2222 Tarento,
937 2207 939 2211 ,

126 2231 167 2288 Et
181 2229 261 2289 nihil
276 2237 429 2291 extremos
442 2229 580 2310 perdidit
594 2235 665 2289 ante
679 2247 779 2306 rogos.

67 2314 232 2390 5Quinque
248 2312 335 2373 dedit
347 2332 477 2393 pueros,
488 2312 627 2374 ¹totidem
642 2314 716 2372 mihi
730 2312 803 2371 luno
820 2307 952 2391 puellas:

128 2395 293 2461 Cluserunt
307 2415 411 2456 omnes
425 2395 539 2456 lumina
552 2402 657 2456 nostra
675 2413 790 2454 manus.
924 2455 928 2469 y

86 2481 224 2558 Contigit
238 2488 270 2540 ct
284 2479 410 2540 thalami
424 2481 497 2554 mihi
513 2478 610 2558 gloria
623 2499 692 2538 rara
704 2478 826 2557 fuitque
846 2506 847 2511 ¹

125 2564 193 2623 Una
208 2562 373 2644 pudicitiae
388 2561 522 2623 mentula
537 2567 610 2622 nota
622 2568 717 2622 meae.
902 2608 908 2615 .

415 2735 421 2745 ,
461 2672 566 2736 nutv.

86 2771 261 2849 Contigeris
275 2773 382 2851 regina
396 2788 480 2831 meos
495 2771 522 2830 si
537 2768 627 2830 Polla
639 2766 779 2848 libellos,

127 2854 196 2914 Non
209 2856 321 2915 tetrica
332 2861 455 2917 nostros
469 2855 576 2935 excipe
592 2850 694 2916 fronte
709 2854 804 2916 iocos.

84 2935 141 2997 llle
156 2944 226 2997 tuus
240 2943 340 3017 vates,
362 2938 521 3000 Heliconis
538 2936 634 3017 gloria
646 2939 762 3015 nostri,

126 3021 228 3081 Pleria
245 3028 370 3082 caneret
384 3042 450 3083 cum
465 3023 532 3082 fera
544 3020 627 3082 bella
639 3023 729 3098 tuba,

19 3146 21 3150 -
63 3104 155 3164 5Non
169 3111 272 3164 tamen
285 3105 536 3166 erubuitlascivo
549 3104 653 3165 dicere
666 3123 756 3172 versu
962 3170 965 3178 ¹

128 3188 182 3267 „Si
195 3182 253 3248 nec
266 3188 427 3270 paedicor‚
450 3190 556 3267 costa,
578 3187 651 3267 quid
663 3187 714 3246 hic‘
728 3183 855 3245 faciol“

462 3298 555 3360 va.
587 3306 592 3320 ¹

85 3398 159 3456 Cum
174 3405 205 3458 tc
216 3397 403 3478 municipem
417 3372 656 3461 corinthiorum

70 3478 185 3558 Iactcs,
207 3482 440 3566 charmenion,
463 3491 610 3568 negante
625 3479 750 3560 nullssr.
817 3546 895 3619 m*
