2264 3786
305 202 640 264 arreum-simon
655 203 728 266 nm
746 203 781 265 u.
853 184 867 219 ·'
1015 201 1056 265 ta

524 402 561 465 X.

113 517 201 575 Basia
219 514 344 574 dimidio
364 511 446 592 quod
463 514 515 574 dus
532 516 623 590 milri,
643 514 803 597 Postume,
823 512 930 595 labro,

154 598 274 658 Laudo:
292 598 372 656 licet
391 597 494 657 demas
510 599 581 657 hinc
600 616 720 676 quoque
739 596 904 660 dimidium.
948 663 957 670 ,

112 683 168 744 Vis
187 682 260 741 dare
278 682 373 740 maius
390 680 488 740 adhuc
507 689 540 740 et
556 679 763 740 inenarrabile
782 701 905 759 munus,

153 767 222 826 Hoc
239 766 296 826 tibi
313 765 392 824 habe
409 771 523 842 totum,
544 765 704 844 Postume,
727 762 892 833 dimidium.
1000 821 1004 834 ,

513 898 565 959 Xl.

113 1008 201 1085 Quod
217 1009 321 1068 fronte
338 1007 452 1069 Selium
468 1008 571 1067 nubila
589 1007 691 1086 vides,
712 1008 810 1086 Rufe,
927 1038 931 1051 ι

113 1092 202 1168 Quod
219 1091 388 1152 ambulator
404 1094 556 1171 porticum
575 1094 651 1152 terit
667 1111 784 1165 seram,

111 1177 254 1253 Lugubre
274 1175 417 1254 quiddam
437 1174 518 1254 quod
535 1181 618 1235 tacet
632 1177 720 1254 piger
736 1175 856 1254 vultus,

112 1259 200 1334 Quod
217 1277 315 1338 paene
332 1264 445 1318 terram
463 1278 551 1317 nasus
567 1257 714 1318 indecens
731 1261 846 1337 tangit,

87 1343 198 1417 oQuod
216 1342 323 1407 dextra
338 1347 445 1420 pectus
462 1341 562 1420 pulsat
578 1349 611 1400 et
629 1362 743 1417 comqm
759 1341 863 1402 vellit:

111 1428 179 1485 Non
192 1425 247 1485 illc
266 1428 353 1484 amici
369 1427 430 1484 fata
447 1424 534 1503 luget
550 1433 602 1484 aut
616 1426 738 1504 fratris,

111 1512 250 1588 Uterque
265 1509 353 1568 uatus
373 1511 446 1568 vivit
462 1516 495 1568 et
510 1526 622 1588 precor
639 1511 735 1586 vivat,

113 1593 202 1652 Salva
223 1599 271 1652 est
289 1600 321 1652 et
339 1612 414 1666 uxor
431 1593 629 1670 sarcinaeque
648 1595 806 1672 servique,

111 1676 197 1736 Nihil
215 1675 340 1735 colonus
360 1673 527 1753 vilicusque
545 1674 673 1734 decoxit.

70 1760 264 1822 loMaeroris
279 1760 373 1838 igitur
389 1777 478 1818 causa
496 1759 597 1837 quae?
632 1759 718 1817 Domi
735 1764 834 1818 cenat.

509 1905 573 1966 llll.

111 2020 187 2080 Esse
204 2019 350 2097 quidhoc
368 2019 481 2096 dicam,
502 2016 584 2098 quod
599 2016 683 2078 olent
699 2022 750 2077 tua
763 2017 846 2077 basia
857 2016 1009 2094 myrrham

152 2104 302 2182 Quodque
313 2105 370 2163 tibi
382 2110 430 2162 est
440 2122 592 2181 nunquam
603 2121 665 2162 non
676 2094 795 2161 alienus
807 2098 906 2159 odor?

111 2187 178 2259 Hoc
200 2189 275 2247 mihi
297 2192 471 2267 suspectum
492 2194 557 2264 est,
582 2185 664 2266 quod
688 2186 752 2246 oles
777 2185 874 2260 bene,
897 2182 1051 2260 Postume,

431 2289 568 2350 semper:
1089 2278 1093 2293 ¹

152 2353 312 2431 Postume,
334 2373 395 2413 non
415 2356 494 2414 benc
512 2351 577 2435 olet
596 2353 648 2431 qui
666 2352 746 2411 benc
764 2365 886 2426 semper
903 2345 976 2409 olet.

499 2484 576 2544 XIII.

109 2597 151 2655 Et
165 2594 256 2655 index
271 2596 351 2675 petit
368 2600 400 2655 ct
416 2595 495 2674 petit
511 2599 666 2672 patronus.

111 2678 217 2738 Solvas
235 2697 361 2759 censeo,
383 2679 492 2755 Sexte,
514 2676 670 2738 creditori.

498 2809 577 2871 XIV.

109 2921 162 2982 Nil
178 2924 391 3001 intemptatum
408 2922 522 3000 Selius,
543 2923 588 2982 nil
604 2923 716 3003 linquit
731 2925 884 3001 inausum,

56 3032 61 3047 ‹
152 3005 328 3065 Cenandum
346 3008 486 3084 quotiens
502 3009 561 3066 iam
576 3007 661 3067 videt
678 3025 746 3067 csse
766 3006 856 3068 domi.

96 3088 216 3148 'Currit
232 3089 271 3150 ad
286 3090 430 3166 Europen
449 3097 482 3148 et
498 3096 544 3166 te,
565 3084 708 3168 Pauline,
730 3097 860 3168 tuosque

151 3171 269 3231 Laudat
284 3171 458 3249 Achilleos,
480 3173 536 3233 sed
552 3175 619 3233 siue
636 3176 714 3252 fine,
735 3173 841 3253 pedes.
931 3174 935 3183 ‘

88 3256 145 3316 osi
161 3254 240 3315 nihil
255 3257 377 3334 Europe
393 3257 484 3334 fecit,
504 3263 568 3316 tum
586 3258 679 3336 Septa
696 3262 857 3335 petuntur,

152 3340 186 3398 Si
203 3339 276 3418 quid
292 3337 468 3418 Philyrides
483 3346 620 3421 praestet
636 3347 668 3400 et
685 3337 864 3399 Aesonides.
916 3384 919 3389 .

108 3423 189 3482 Hinc
208 3441 338 3502 quoque·
345 3422 492 3504 deceptus
509 3424 708 3503 Mcmphitica
724 3418 839 3501 templa
855 3422 1045 3501 frequentat,
