2264 3786
89 193 130 259 27
131 195 151 258 8
409 193 454 255 M.
468 193 560 256 VAL.
578 192 801 256 MARTIALIS

482 456 484 458 .
565 396 674 465 mu
808 405 810 408 ’

173 506 321 570 Aeolidos
336 509 456 571 Genece
468 509 550 570 iacet
562 510 622 588 boo
638 505 787 571 tumulate
799 505 959 590 sepulcro,

215 591 330 654 Ultimo
344 595 395 654 cui
406 611 517 673 purvne
532 595 661 673 septime
673 593 758 654 venit
769 592 878 654 hiems.

159 677 224 742 ,nh
238 676 354 755 scelus,
376 678 415 736 nh
428 676 563 737 facinus!
583 695 733 763 properus
747 675 822 755 quid
836 677 934 757 llere,
956 677 1079 739 victori

217 761 286 821 Non
297 759 373 821 licet
385 761 437 821 bio
452 761 533 820 vitoe
548 758 587 820 de
601 761 754 821 brevitate
768 761 867 839 queri.

152 844 312 907 5Tristius
328 848 377 904 est
389 842 454 904 leto
468 842 528 904 leti
543 863 656 924 genus:
676 843 805 904 horrido
817 841 922 905 voltus

215 925 353 988 Abstulit
370 933 403 987 et
416 933 526 987 tenero
541 928 624 1007 sedit
636 929 669 987 in
684 946 739 987 ore
751 926 836 1006 lues,

174 1005 302 1092 Ipseque
319 1008 460 1071 crudeles
476 1009 609 1071 ederunt
622 1008 728 1071 osculn
740 1012 857 1089 morbi,

216 1089 288 1155 Nec¹
297 1092 368 1153 deta
381 1098 452 1154 snut
465 1094 562 1173 nigris
574 1099 641 1153 tote
656 1092 770 1155 labello
782 1095 876 1175 rogis.

175 1175 209 1238 Si
222 1182 284 1236 tum
295 1177 459 1258 praecipiti
471 1178 596 1238 fuerent
608 1182 739 1254 venture
751 1178 870 1258 volutu,

133 1272 168 1325 10
215 1260 394 1321 Debuerant
408 1259 469 1321 ulie
482 1261 547 1321 into
559 1263 666 1322 venire
680 1263 736 1325 vin.

175 1342 238 1404 Sed
253 1360 335 1405 more
349 1346 432 1406 vocis
447 1346 509 1406 iter
520 1346 698 1425 properavit
713 1343 840 1407 eludere
853 1340 1005 1425 blandae,

216 1427 263 1488 Ne
277 1434 384 1510 posset
398 1428 491 1489 dures
504 1430 633 1490 flectere
647 1428 751 1509 lingue
766 1428 848 1491 dens.

563 1562 653 1626 XCII.

173 1674 328 1736 Mentitur
344 1634 397 1752 qudi
409 1679 443 1732 te
456 1673 622 1753 vitiosum„
634 1671 739 1753 Zoile,
762 1671 846 1734 dicit.

215 1758 284 1818 Non
297 1756 423 1825 vitiosus
436 1756 527 1818 bomo
541 1776 591 1837 er,
613 1757 718 1837 Zoile,
739 1757 797 1818 sed
808 1757 926 1822 vitium.
986 1786 989 1793 »

553 1890 657 1957 xcffl,
668 1937 676 1947 ,

175 2010 296 2071 Pierios
309 2013 386 2081 votis
401 2009 560 2072 Theodori
573 2012 692 2072 damme
704 2015 833 2090 penates
951 2063 954 2068 .
1002 2006 1008 2017 ’
1084 2018 1089 2022 ’

160 2149 165 2154 ⁸
217 2092 363 2156 Abstulit.
393 2096 461 2154 Hoc
475 2095 574 2155 Musis
589 2101 622 2154 et
636 2095 710 2174 tibi,
730 2093 875 2171 Phoebe,
896 2089 1031 2172 placet?

94 2251 98 2262 .
175 2178 202 2238 0
220 2176 337 2255 scelus,
359 2197 377 2237 o
394 2184 534 2255 magnum
550 2179 668 2239 focinus
685 2179 863 2256 crimenque
878 2174 1030 2256 deorum,

107 2256 113 2271 ‘
214 2259 284 2321 Non
299 2261 375 2322 ursit
388 2262 506 2342 pariter
522 2261 604 2342 quod
618 2261 724 2341 domus
738 2266 771 2336 et
784 2260 942 2321 dominus!
991 2303 993 2306 ι

551 2394 660 2474 xciv.

176 2506 264 2585 Quod
277 2509 402 2569 nimium
414 2498 491 2571 lives
499 2510 623 2568 nostris
634 2512 666 2568 et
676 2508 790 2586 ubique
802 2503 924 2567 libellis
948 2565 951 2573 ,
975 2583 977 2587 ¹
1046 2551 1048 2555 -

217 2591 379 2671 Detrahis,
401 2595 544 2672 ignosco:
564 2597 781 2673 verpeppoetn,
803 2591 916 2670 sepis„
948 2636 951 2641 .

176 2674 244 2734 Hoc
260 2694 381 2753 qnoque
395 2695 457 2736 non
473 2697 564 2755 curo,
591 2675 673 2756 quod
694 2694 761 2735 cum
775 2692 843 2735 mee
857 2673 998 2735 carmine
1012 2692 1095 2754 corps

217 2756 385 2836 Gompiles:
405 2767 437 2819 et
454 2762 514 2838 sic,
535 2758 630 2840 verpe
644 2769 753 2840 poeta,
771 2758 864 2837 sapis.

157 2837 263 2902 efflue
276 2859 326 2900 me
340 2843 472 2920 cruciet,
494 2842 626 2922 Solymis
642 2841 724 2922 quod
737 2848 825 2902 notus
838 2841 872 2899 in
885 2840 965 2922 ipsis

216 2923 364 2985 Paedicss
377 2943 521 3004 puerum,
535 2944 629 3005 verpe
643 2933 751 3005 poete,
771 2942 882 2987 meum

175 3010 257 3070 Ecce
271 3027 366 3087 neges
380 3010 523 3086 iurasque
537 3011 613 3069 mihi
626 3027 684 3091 per
697 3006 813 3089 temple
827 3007 994 3071 Tonantis.

138 3174 141 3179 .
216 3092 284 3152 Non
299 3090 407 3153 credo:
426 3094 510 3171 iuro,
529 3111 640 3172 verpe,
661 3111 720 3173 per
733 3088 928 3183 Anchinlum.

560 3238 655 3301 XCV.
725 3312 727 3316 Α
838 3302 840 3307 .

49 3339 60 3356 '
176 3349 325 3411 Incideris
340 3351 482 3430 quotiens
495 3350 529 3410 in
544 3349 629 3409 basin
644 3345 841 3427 fellatorum,

217 3435 252 3494 ln
265 3433 374 3496 solium
386 3439 462 3516 puto
473 3440 506 3494 te
524 3450 683 3513 mergere,
704 3428 834 3512 Flncce,
856 3438 961 3514 ceput.
