2264 3786
97 215 137 278 36
414 215 459 278 Μ.
475 216 565 278 VAL.
582 217 805 278 MARTIALIS

180 367 272 426 Paret
286 364 449 446 purpureis
464 384 537 445 aper
553 367 710 446 capistris3

21 456 24 461 ’
56 486 62 513 .·
180 450 302 528 Τιιιρει
317 448 426 509 esseda
442 449 524 528 quod
538 451 664 509 trahunt
677 451 814 509 bisontes

178 533 220 592 Et
234 531 343 592 molles
358 532 432 592 darc
446 534 529 592 iussa
543 532 625 612 quod
640 534 768 593 choreas

139 616 272 694 10Nigro
285 616 377 676 belua
390 634 452 675 non
466 622 558 694 negat
572 617 735 694 magistro:

180 700 253 776 Quis
268 699 441 780 spectacula
455 720 517 759 non
531 704 620 779 putet
635 699 783 759 deorum?

179 784 264 843 Haec
279 785 390 843 transit
402 790 520 858 tamen,
539 790 576 842 ut
589 784 723 861 minora,
745 785 883 862 quisquis
960 782 969 791 “

178 868 315 928 Venatus
327 865 459 925 humiles
474 865 559 925 videt
571 864 715 943 leonum,

180 952 263 1026 Quos
275 949 365 1009 velox
379 951 519 1028 leporum
532 950 625 1008 timor
638 950 755 1028 fatigat.

140 1033 359 1109 15Dimittunt,
381 1039 527 1112 repetunt
546 1039 707 1110 amantque
721 1043 827 1114 captos

179 1119 220 1176 Et
235 1118 373 1175 securior
389 1126 437 1176 est
450 1118 483 1175 in
498 1133 553 1175 ore
567 1115 700 1195 praeda,
751 1146 754 1154 ,

180 1199 278 1258 Laxos
294 1202 343 1259 cui
357 1199 431 1260 dare
446 1202 631 1279 perviosque
644 1201 741 1260 rictus
862 1243 868 1253 1

181 1281 323 1342 Gaudent
338 1291 370 1343 et
384 1283 507 1345 timidos
522 1289 631 1343 tenere
647 1282 774 1361 dentes,

181 1364 310 1426 Mollem
324 1367 468 1446 frangere
479 1368 555 1442 ⁴dum
568 1365 665 1446 pudet
683 1368 836 1448 rapinum,

138 1460 172 1511 20
178 1449 289 1520 Stratis
303 1470 370 1510 cum
382 1450 473 1511 modo
486 1453 628 1510 venerint
641 1452 786 1512 iuvencis.

180 1527 265 1592 Haec
283 1534 445 1594 clementia
458 1554 519 1594 non
532 1539 658 1614 paratur
673 1540 754 1613 arte,

181 1615 243 1675 Sed
258 1623 372 1678 norunt
390 1620 438 1678 oui
453 1619 587 1677 serviant
599 1615 717 1679 leones.

579 1751 643 1814 GV.

159 1855 160 1858 ’
183 1862 217 1920 ln
232 1860 446 1938 Nomentanis,
468 1862 572 1939 Ovidi,
596 1861 677 1940 quod
691 1862 826 1922 nascitur
840 1862 930 1938 arvis,

224 1946 353 2021 Accepit
367 1946 506 2021 quotiens
523 1952 663 2025 tempora
675 1945 766 2023 longa
780 1963 912 2023 merum,

181 2028 273 2088 Exuit
287 2045 405 2091 annosa„
414 2046 514 2085 mores
526 2046 698 2107 nomenque
713 2035 838 2088 senecta

223 2111 264 2169 st
279 2107 428 2188 quidquid
441 2109 554 2188 voluit,
575 2117 655 2171 testa
668 2120 793 2173 vocatur
808 2128 891 2173 anns.

574 2244 651 2308 cvl.

143 2370 146 2379 ·
181 2355 354 2436 Interponis
369 2372 476 2432 aquam
490 2353 634 2435 subinde,
654 2355 752 2435 Rufe,

181 2438 223 2498 Fit
238 2440 264 2498 si
281 2439 400 2516 cogeris
416 2457 433 2496 a
447 2435 568 2514 sodole,
590 2457 688 2500 ruram

180 2521 277 2582 Diluti
294 2524 373 2581 bibis
386 2522 504 2580 unciam
517 2520 653 2586 Falerni.
1000 2571 1004 2578 ,

181 2605 334 2682 Numquid
350 2604 489 2684 'pollicita
503 2607 622 2665 esttibi
639 2606 756 2668 beatam
874 2631 876 2635 ’
936 2654 940 2664 .

45 2750 48 2755 ,
162 2688 313 2747 oNoctcm
326 2689 439 2747 Naevia
454 2691 633 2768 sobriasque
646 2691 738 2748 mavis

32 2764 47 2779 “
183 2772 295 2831 Certae
308 2773 460 2850 nequitias
475 2772 659 2833 fututionisl

183 2853 338 2936 Suspiros,
359 2857 489 2934 retices,
508 2857 620 2934 gemis:
641 2856 772 2933 negavit.

183 2937 317 2998 Crebros
334 2956 407 3018 ergo
423 2938 498 2998 licet
511 2940 597 2998 bibus
610 2938 743 2997 trientes

183 3021 224 3081 Et
239 3021 347 3082 durum
360 3021 478 3100 iugules
492 3039 577 3080 mero
594 3020 741 3082 dolorem.
918 3078 921 3085 .

137 3115 176 3197 Ι10
184 3105 264 3181 Quid
278 3107 379 3186 parcis
396 3106 472 3181 tibi,
493 3105 597 3165 Rufe?
619 3103 829 3165 dormiendum
844 3115 901 3168 est

571 3237 662 3300 evii.

184 3350 282 3431 Saepe
297 3351 372 3411 mihi
388 3348 482 3424 dicis,
500 3348 576 3409 Luci
594 3349 750 3410 carissime
767 3351 841 3431 loli,

224 3435 354 3516 „Scribe
373 3431 488 3511 aliquid
501 3452 654 3512 magnum:
676 3434 848 3497 desidiosus
861 3437 953 3496 homo
969 3435 1034 3498 es.“
