2264 3786
271 161 690 231 umeaarurauouum.
705 169 755 230 vr
834 128 838 144 ’
923 186 927 199 ·
967 168 1027 235 raa

83 315 170 397 „Sed
179 323 282 387 tamen
292 317 352 377 hue
362 316 485 459 lappum
496 319 575 379 eat.“
596 319 752 382 Solethoe
765 341 896 402 queque,
915 323 1026 403 Tucca,

127 484 161 544 Si
176 484 318 544 breviora
330 408 611 562 problllt‘dlsetl'eha
624 486 689 547 sola
701 452 796 564 legar:

62 568 254 627 scauveuiat
267 569 375 644 uehis,
397 574 431 627 ut
444 569 490 627 faa
504 569 720 648 epigrammata
733 569 823 649 lunga

127 651 175 710 Sit
187 652 319 711 transire
334 651 409 728 tibi,
429 653 583 731 seribere,
604 653 724 747 Tueea,
744 655 826 714 milri.

463 784 569 847 LXVI.

84 902 195 961 Famae
213 920 275 962 nun
289 903 413 962 nimium
427 903 525 961 bonae
540 901 690 980 puellam,
704 912 708 919 ‘
722 942 725 953 ι

85 984 197 1059 Quales
211 987 244 1045 in
257 985 357 1045 media
370 984 481 1045 sedent
495 986 629 1061 Subura,
685 990 695 999 ‘

83 1061 246 1130 Vendebat
262 1068 352 1128 modo
365 1085 477 1149 praeeo
493 1067 660 1129 Gellianus.

84 1150 180 1212 Parvo
196 1172 263 1213 cum
275 1154 376 1232 pretia
391 1151 443 1212 diu
456 1151 603 1230 licerent,

62 1235 161 1295 5Dum
175 1255 282 1319 puram
295 1237 379 1315 eupit
394 1238 563 1315 approbare
578 1237 713 1314 eunetis,

84 1319 218 1378 Attraxit
231 1337 329 1399 prope
343 1337 377 1378 ae
391 1338 480 1378 mauu
493 1326 656 1398 negantem

82 1402 124 1462 Et
136 1403 184 1461 bie
200 1407 311 1481 terque
326 1409 493 1482 quaterque
507 1404 643 1465 basiavit.

84 1483 165 1559 Quid
177 1486 347 1564 profecerit
359 1485 480 1563 osculo,
499 1486 656 1565 requiriri

85 1567 249 1629 Sescentos
263 1568 353 1629 moda
368 1571 420 1649 qui
435 1568 540 1646 dabat,
562 1572 693 1649 negavit.

453 1702 571 1765 LXVII.

23 1889 24 1893 Ἰ
85 1815 148 1874 Cur
161 1821 277 1875 tautum
289 1815 443 1874 eunucho·
457 1816 569 1874 habeat
583 1820 634 1873 tua
649 1811 768 1888 Caelia,
791 1812 928 1890 quaeris,

125 1898 314 1978 Pauuyehe?
325 1896 400 1958 ‘vult
413 1898 492 1970 futui
507 1896 629 1975 caelia,
650 1913 709 1955 nee
721 1912 841 1976 parere.

448 2031 579 2097 LXVIII.

82 2141 173 2202 Flete
187 2140 273 2202 uela·
289 2149 438 2217 vestrum,
460 2144 517 2204 red
531 2152 597 2205 tutu
610 2145 686 2204 flete
699 2143 849 2219 Lucrino,

125 2225 254 2304 Naides,
275 2234 308 2287 et
320 2226 421 2288 luetur
436 2229 550 2288 sentiat
561 2230 628 2309 ipsa
643 2229 762 2288 Thetis.

83 2310 168 2368 Inter
181 2310 308 2370 Baianae
322 2318 427 2392 raptu·
443 2331 521 2391 puer
535 2311 649 2372 occidit
662 2310 759 2371 undae
818 2306 821 2310 ’

123 2393 281 2472 Eutychus
294 2393 366 2472 ille,
386 2400 488 2473 tuum,
510 2397 664 2472 (lustriae,
685 2393 775 2453 dulce
789 2392 877 2455 latua.

61 2476 144 2536 silio
158 2478 216 2536 tibi
230 2497 370 2538 curarum
384 2480 484 2538 aecius
498 2477 704 2556 blandumque
717 2476 874 2551 levamen,

123 2561 183 2621 Hie
197 2580 297 2640 amur,
315 2563 365 2621 hie
379 2563 478 2622 neutri
491 2564 568 2621 vatia
581 2560 686 2621 Aleria
701 2567 776 2621 erat.

80 2643 235 2721 Numquid
248 2652 280 2705 te
293 2646 400 2706 vitreis
414 2642 527 2705 nudum
540 2644 720 2705 lasciva-sub
736 2642 825 2704 undis
883 2651 886 2657 '

68 2790 71 2799 ,
125 2726 213 2787 Vidit
225 2735 258 2788 et
272 2727 401 2789 Alcidae
415 2729 547 2808 nympha
559 2729 680 2789 remisit
693 2727 816 2808 Hylan?

81 2811 130 2869 An
146 2809 203 2871 dea
216 2812 381 2872 femineum
394 2814 453 2872 iam
467 2811 595 2892 negligit
608 2811 899 2894 Hermaphroditum

38 2904 75 2955 10
125 2894 273 2975 Amplexu
286 2898 388 2956 teneri
405 2895 570 2957 sollicitata
583 2897 663 2957 virli

44 3029 49 3035 .
82 2977 239 3057 Quidquid
250 2978 284 3039 id
297 2986 360 3056 est,
382 2981 500 3040 subitae
515 2999 713 3060 quaecuuque
726 2988 774 3041 eet
788 2982 876 3039 cauea
889 2977 1023 3056 rapinae,

123 3062 187 3139 Sit,
208 3081 334 3143 precer,
357 3071 389 3123 et
405 3062 500 3123 tellus
514 3065 596 3125 mitia
611 3073 644 3125 et
658 3064 738 3124 unda
752 3065 817 3123 tibi.

457 3196 561 3259 LXIX.

79 3307 149 3368 Neu
163 3309 275 3387 miror,
298 3308 379 3390 quad
392 3317 479 3392 potat
493 3330 599 3394 aquam
609 3317 663 3373 tua
675 3312 786 3387 Barea„
803 3306 947 3372 Catulle.

118 3391 234 3470 Miror,
257 3392 340 3471 qued
352 3395 442 3461 Bassi
455 3395 521 3460 fllia
536 3403 628 3482 putat
641 3414 766 3478 aquam.
