<?xml version="1.0" encoding="UTF-8"?>
<!DOCTYPE html PUBLIC "-//W3C//DTD XHTML 1.0 Transitional//EN"
    "http://www.w3.org/TR/xhtml1/DTD/xhtml1-transitional.dtd">
<html xmlns="http://www.w3.org/1999/xhtml" xml:lang="en" lang="en">
 <head>
  <title>
</title>
<meta http-equiv="Content-Type" content="text/html;charset=utf-8" />
  <meta name='ocr-system' content='tesseract 3.04.00' />
  <meta name='ocr-capabilities' content='ocr_page ocr_carea ocr_par ocr_line ocrx_word'/>
</head>
<body>
  <div class='ocr_page' id='page_1' title='image "./epigrammatonlib00martgoog_0041.png"; bbox 0 0 2264 3786; ppageno 0'>
   <div class='ocr_carea' id='block_1_1' title="bbox 39 232 869 355">
    <p class='ocr_par' dir='ltr' id='par_1_1' title="bbox 39 232 869 355">
     <span class='ocr_line' id='line_1_1' title="bbox 39 232 869 355; baseline -0.013 -34"><span class='ocrx_word' id='word_1_1' title='bbox 39 316 41 321; x_wconf 24' lang='lat' dir='ltr'><strong>s</strong></span> <span class='ocrx_word' id='word_1_2' title='bbox 89 254 129 315; x_wconf 82' lang='lat' dir='ltr'><strong>m</strong></span> <span class='ocrx_word' id='word_1_3' title='bbox 367 313 371 317; x_wconf 81' lang='grc'><strong>,</strong></span> <span class='ocrx_word' id='word_1_4' title='bbox 406 252 451 314; x_wconf 84' lang='grc' dir='ltr'><strong>Μ.</strong></span> <span class='ocrx_word' id='word_1_5' title='bbox 468 242 798 355; x_wconf 65' lang='lat' dir='ltr'><strong>summissurus</strong></span> <span class='ocrx_word' id='word_1_6' title='bbox 863 232 869 239; x_wconf 83' lang='grc'><em>’</em></span> 
     </span>
    </p>
   </div>
   <div class='ocr_carea' id='block_1_2' title="bbox 174 451 977 726">
    <p class='ocr_par' dir='ltr' id='par_1_2' title="bbox 174 451 977 726">
     <span class='ocr_line' id='line_1_2' title="bbox 508 451 636 522; baseline 0 -9"><span class='ocrx_word' id='word_1_7' title='bbox 508 512 516 522; x_wconf 17' lang='grc' dir='ltr'>χ</span> <span class='ocrx_word' id='word_1_8' title='bbox 572 451 636 513; x_wconf 87' lang='lat' dir='ltr'><strong>XL.</strong></span> 
     </span>
     <span class='ocr_line' id='line_1_3' title="bbox 174 526 906 642; baseline -0.005 -17"><span class='ocrx_word' id='word_1_9' title='bbox 174 565 232 641; x_wconf 82' lang='lat' dir='ltr'><strong>Qui</strong></span> <span class='ocrx_word' id='word_1_10' title='bbox 247 565 331 625; x_wconf 89' lang='lat' dir='ltr'><strong>ducis</strong></span> <span class='ocrx_word' id='word_1_11' title='bbox 344 562 445 624; x_wconf 72' lang='lat' dir='ltr'><strong>voltus</strong></span> <span class='ocrx_word' id='word_1_12' title='bbox 463 570 495 622; x_wconf 85' lang='lat' dir='ltr'><strong>et</strong></span> <span class='ocrx_word' id='word_1_13' title='bbox 512 526 573 623; x_wconf 84' lang='lat' dir='ltr'><strong>non</strong></span> <span class='ocrx_word' id='word_1_14' title='bbox 586 563 667 642; x_wconf 85' lang='lat' dir='ltr'><strong>legis</strong></span> <span class='ocrx_word' id='word_1_15' title='bbox 680 566 739 624; x_wconf 84' lang='lat' dir='ltr'><strong>ista</strong></span> <span class='ocrx_word' id='word_1_16' title='bbox 754 563 906 640; x_wconf 84' lang='lat' dir='ltr'><strong>libenter,</strong></span> 
     </span>
     <span class='ocr_line' id='line_1_4' title="bbox 214 646 977 726; baseline -0.005 -18"><span class='ocrx_word' id='word_1_17' title='bbox 214 649 360 708; x_wconf 75' lang='lat' dir='ltr'><strong>Omnibus</strong></span> <span class='ocrx_word' id='word_1_18' title='bbox 373 647 525 726; x_wconf 82' lang='lat' dir='ltr'><strong>invideas,</strong></span> <span class='ocrx_word' id='word_1_19' title='bbox 546 646 658 724; x_wconf 83' lang='lat' dir='ltr'><strong>livide,</strong></span> <span class='ocrx_word' id='word_1_20' title='bbox 680 665 770 726; x_wconf 80' lang='lat' dir='ltr'><strong>uerno</strong></span> <span class='ocrx_word' id='word_1_21' title='bbox 784 647 850 706; x_wconf 92' lang='lat' dir='ltr'><strong>tibi.</strong></span> <span class='ocrx_word' id='word_1_22' title='bbox 973 670 977 676; x_wconf 54' lang='grc'><strong><em>’</em></strong></span> 
     </span>
    </p>
   </div>
   <div class='ocr_carea' id='block_1_3' title="bbox 565 780 641 841">
    <p class='ocr_par' dir='ltr' id='par_1_3' title="bbox 565 780 641 841">
     <span class='ocr_line' id='line_1_5' title="bbox 565 780 641 841; baseline 0 -1"><span class='ocrx_word' id='word_1_23' title='bbox 565 780 641 841; x_wconf 83' lang='lat' dir='ltr'>XLI.</span> 
     </span>
    </p>
   </div>
   <div class='ocr_carea' id='block_1_4' title="bbox 17 893 871 2556">
    <p class='ocr_par' dir='ltr' id='par_1_4' title="bbox 172 893 871 1222">
     <span class='ocr_line' id='line_1_6' title="bbox 172 893 699 971; baseline 0.002 -18"><span class='ocrx_word' id='word_1_24' title='bbox 172 893 312 953; x_wconf 81' lang='lat' dir='ltr'><strong>Urbanus</strong></span> <span class='ocrx_word' id='word_1_25' title='bbox 326 895 401 971; x_wconf 82' lang='lat' dir='ltr'><strong>tibi,</strong></span> <span class='ocrx_word' id='word_1_26' title='bbox 423 894 555 971; x_wconf 81' lang='lat' dir='ltr'><strong>Caecili,</strong></span> <span class='ocrx_word' id='word_1_27' title='bbox 576 893 699 954; x_wconf 87' lang='lat' dir='ltr'><strong>videris.</strong></span> 
     </span>
     <span class='ocr_line' id='line_1_7' title="bbox 172 968 871 1055; baseline 0.003 -21"><span class='ocrx_word' id='word_1_28' title='bbox 172 968 304 1053; x_wconf 84' lang='lat' dir='ltr'><strong>Nou&#39;es,</strong></span> <span class='ocrx_word' id='word_1_29' title='bbox 325 976 418 1036; x_wconf 88' lang='lat' dir='ltr'><strong>crede</strong></span> <span class='ocrx_word' id='word_1_30' title='bbox 432 979 515 1037; x_wconf 89' lang='lat' dir='ltr'><strong>mihi.</strong></span> <span class='ocrx_word' id='word_1_31' title='bbox 548 975 629 1054; x_wconf 83' lang='lat' dir='ltr'><strong>Quid</strong></span> <span class='ocrx_word' id='word_1_32' title='bbox 646 977 741 1055; x_wconf 69' lang='lat' dir='ltr'><strong>ergo?</strong></span> <span class='ocrx_word' id='word_1_33' title='bbox 762 995 871 1055; x_wconf 84' lang='lat' dir='ltr'><strong>verua,</strong></span> 
     </span>
     <span class='ocr_line' id='line_1_8' title="bbox 173 1057 792 1138; baseline 0.003 -21"><span class='ocrx_word' id='word_1_34' title='bbox 173 1061 241 1118; x_wconf 89' lang='lat' dir='ltr'><strong>Hoc</strong></span> <span class='ocrx_word' id='word_1_35' title='bbox 256 1057 338 1137; x_wconf 89' lang='lat' dir='ltr'><strong>quod</strong></span> <span class='ocrx_word' id='word_1_36' title='bbox 352 1061 588 1120; x_wconf 86' lang='lat' dir='ltr'><strong>transtiberinus</strong></span> <span class='ocrx_word' id='word_1_37' title='bbox 604 1059 792 1138; x_wconf 86' lang='lat' dir='ltr'><strong>ambulator,</strong></span> 
     </span>
     <span class='ocr_line' id='line_1_9' title="bbox 174 1141 706 1222; baseline 0.008 -22"><span class='ocrx_word' id='word_1_38' title='bbox 174 1142 232 1217; x_wconf 79' lang='lat' dir='ltr'><strong>Qui</strong></span> <span class='ocrx_word' id='word_1_39' title='bbox 246 1142 393 1222; x_wconf 82' lang='lat' dir='ltr'><strong>pallentia</strong></span> <span class='ocrx_word' id='word_1_40' title='bbox 407 1141 586 1222; x_wconf 87' lang='lat' dir='ltr'><strong>sulphurata</strong></span> <span class='ocrx_word' id='word_1_41' title='bbox 599 1145 706 1204; x_wconf 83' lang='lat' dir='ltr'><strong>fractis</strong></span> 
     </span>
    </p>

    <p class='ocr_par' dir='ltr' id='par_1_5' title="bbox 17 1223 797 1724">
     <span class='ocr_line' id='line_1_10' title="bbox 61 1223 703 1306; baseline 0.005 -22"><span class='ocrx_word' id='word_1_42' title='bbox 61 1223 68 1231; x_wconf 80' lang='grc'>’</span> <span class='ocrx_word' id='word_1_43' title='bbox 154 1226 333 1285; x_wconf 82' lang='lat' dir='ltr'><strong>5Permutat</strong></span> <span class='ocrx_word' id='word_1_44' title='bbox 344 1227 469 1303; x_wconf 76' lang='lat' dir='ltr'><strong>vitreis,</strong></span> <span class='ocrx_word' id='word_1_45' title='bbox 490 1227 572 1306; x_wconf 85' lang='lat' dir='ltr'><strong>quod</strong></span> <span class='ocrx_word' id='word_1_46' title='bbox 586 1229 703 1287; x_wconf 80' lang='lat' dir='ltr'><strong>otiosae</strong></span> 
     </span>
     <span class='ocr_line' id='line_1_11' title="bbox 32 1308 780 1388; baseline 0 -18"><span class='ocrx_word' id='word_1_47' title='bbox 32 1375 35 1381; x_wconf 64' lang='grc'><strong>,</strong></span> <span class='ocrx_word' id='word_1_48' title='bbox 119 1310 124 1317; x_wconf 82' lang='grc'><strong>’</strong></span> <span class='ocrx_word' id='word_1_49' title='bbox 173 1308 290 1370; x_wconf 83' lang='lat' dir='ltr'><strong>Vendit</strong></span> <span class='ocrx_word' id='word_1_50' title='bbox 304 1311 356 1387; x_wconf 91' lang='lat' dir='ltr'><strong>qui</strong></span> <span class='ocrx_word' id='word_1_51' title='bbox 369 1309 521 1370; x_wconf 89' lang='lat' dir='ltr'><strong>madidum</strong></span> <span class='ocrx_word' id='word_1_52' title='bbox 536 1313 619 1370; x_wconf 85' lang='lat' dir='ltr'><strong>cicer</strong></span> <span class='ocrx_word' id='word_1_53' title='bbox 633 1324 780 1388; x_wconf 82' lang='lat' dir='ltr'><strong>coronae,</strong></span> 
     </span>
     <span class='ocr_line' id='line_1_12' title="bbox 174 1388 794 1474; baseline 0.005 -24"><span class='ocrx_word' id='word_1_54' title='bbox 174 1391 263 1467; x_wconf 80' lang='lat' dir='ltr'><strong>Quod</strong></span> <span class='ocrx_word' id='word_1_55' title='bbox 276 1400 376 1452; x_wconf 88' lang='lat' dir='ltr'><strong>custos</strong></span> <span class='ocrx_word' id='word_1_56' title='bbox 392 1392 591 1472; x_wconf 87' lang='lat' dir='ltr'><strong>dominusque</strong></span> <span class='ocrx_word' id='word_1_57' title='bbox 605 1388 794 1474; x_wconf 76' lang='lat' dir='ltr'><strong>viperarum,</strong></span> 
     </span>
     <span class='ocr_line' id='line_1_13' title="bbox 174 1473 664 1556; baseline 0.006 -22"><span class='ocrx_word' id='word_1_58' title='bbox 174 1473 263 1550; x_wconf 79' lang='lat' dir='ltr'><strong>Quod</strong></span> <span class='ocrx_word' id='word_1_59' title='bbox 276 1474 352 1535; x_wconf 83' lang='lat' dir='ltr'><strong>viles</strong></span> <span class='ocrx_word' id='word_1_60' title='bbox 366 1479 456 1556; x_wconf 88' lang='lat' dir='ltr'><strong>pueri</strong></span> <span class='ocrx_word' id='word_1_61' title='bbox 470 1477 664 1554; x_wconf 80' lang='lat' dir='ltr'><strong>salariorum,</strong></span> 
     </span>
     <span class='ocr_line' id='line_1_14' title="bbox 174 1557 797 1638; baseline 0.008 -22"><span class='ocrx_word' id='word_1_62' title='bbox 174 1557 262 1632; x_wconf 79' lang='lat' dir='ltr'><strong>Quod</strong></span> <span class='ocrx_word' id='word_1_63' title='bbox 275 1558 421 1619; x_wconf 78' lang='lat' dir='ltr'><strong>fumantia</strong></span> <span class='ocrx_word' id='word_1_64' title='bbox 436 1562 487 1638; x_wconf 87' lang='lat' dir='ltr'><strong>qui</strong></span> <span class='ocrx_word' id='word_1_65' title='bbox 502 1559 630 1620; x_wconf 86' lang='lat' dir='ltr'><strong>tomacla</strong></span> <span class='ocrx_word' id='word_1_66' title='bbox 646 1580 753 1621; x_wconf 88' lang='lat' dir='ltr'><strong>raucus</strong></span> <span class='ocrx_word' id='word_1_67' title='bbox 795 1594 797 1603; x_wconf 77' lang='lat'>=</span> 
     </span>
     <span class='ocr_line' id='line_1_15' title="bbox 17 1640 746 1724; baseline 0.003 -23"><span class='ocrx_word' id='word_1_68' title='bbox 17 1655 20 1659; x_wconf 88' lang='grc'><strong>’</strong></span> <span class='ocrx_word' id='word_1_69' title='bbox 133 1653 167 1704; x_wconf 94' lang='lat'><strong>10</strong></span> <span class='ocrx_word' id='word_1_70' title='bbox 175 1642 360 1717; x_wconf 80' lang='lat' dir='ltr'><strong>Circumfert</strong></span> <span class='ocrx_word' id='word_1_71' title='bbox 373 1642 487 1722; x_wconf 86' lang='lat' dir='ltr'><strong>tepidis</strong></span> <span class='ocrx_word' id='word_1_72' title='bbox 503 1664 593 1703; x_wconf 90' lang='lat' dir='ltr'><strong>cocus</strong></span> <span class='ocrx_word' id='word_1_73' title='bbox 606 1640 746 1724; x_wconf 82' lang='lat' dir='ltr'><strong>popinis,</strong></span> 
     </span>
    </p>

    <p class='ocr_par' dir='ltr' id='par_1_6' title="bbox 175 1725 772 1808">
     <span class='ocr_line' id='line_1_16' title="bbox 175 1725 772 1808; baseline 0.005 -24"><span class='ocrx_word' id='word_1_74' title='bbox 175 1725 264 1801; x_wconf 80' lang='lat' dir='ltr'><strong>Quod</strong></span> <span class='ocrx_word' id='word_1_75' title='bbox 279 1744 340 1786; x_wconf 89' lang='lat' dir='ltr'><strong>nou</strong></span> <span class='ocrx_word' id='word_1_76' title='bbox 354 1728 485 1806; x_wconf 88' lang='lat' dir='ltr'><strong>optimus</strong></span> <span class='ocrx_word' id='word_1_77' title='bbox 501 1729 624 1787; x_wconf 88' lang='lat' dir='ltr'><strong>urbicus</strong></span> <span class='ocrx_word' id='word_1_78' title='bbox 638 1736 746 1808; x_wconf 85' lang='lat' dir='ltr'><strong>poeta,</strong></span> <span class='ocrx_word' id='word_1_79' title='bbox 768 1728 772 1737; x_wconf 76' lang='grc'><em>“</em></span> 
     </span>
    </p>

    <p class='ocr_par' dir='ltr' id='par_1_7' title="bbox 141 1808 806 2058">
     <span class='ocr_line' id='line_1_17' title="bbox 141 1808 806 1889; baseline 0.002 -21"><span class='ocrx_word' id='word_1_80' title='bbox 141 1850 143 1852; x_wconf 89' lang='grc'>-</span> <span class='ocrx_word' id='word_1_81' title='bbox 175 1809 264 1885; x_wconf 82' lang='lat' dir='ltr'><strong>Quod</strong></span> <span class='ocrx_word' id='word_1_82' title='bbox 276 1808 315 1870; x_wconf 86' lang='lat' dir='ltr'><strong>de</strong></span> <span class='ocrx_word' id='word_1_83' title='bbox 330 1810 466 1871; x_wconf 78' lang='lat' dir='ltr'><strong>Gadibus</strong></span> <span class='ocrx_word' id='word_1_84' title='bbox 480 1812 636 1889; x_wconf 86' lang='lat' dir='ltr'><strong>improbus</strong></span> <span class='ocrx_word' id='word_1_85' title='bbox 650 1811 806 1889; x_wconf 82' lang='lat' dir='ltr'><strong>magister,</strong></span> 
     </span>
     <span class='ocr_line' id='line_1_18' title="bbox 175 1892 788 1971; baseline -0.003 -19"><span class='ocrx_word' id='word_1_86' title='bbox 175 1892 264 1967; x_wconf 79' lang='lat' dir='ltr'><strong>Quod</strong></span> <span class='ocrx_word' id='word_1_87' title='bbox 278 1896 373 1971; x_wconf 89' lang='lat' dir='ltr'><strong>bucca</strong></span> <span class='ocrx_word' id='word_1_88' title='bbox 387 1901 435 1954; x_wconf 87' lang='lat' dir='ltr'><strong>est</strong></span> <span class='ocrx_word' id='word_1_89' title='bbox 451 1893 545 1953; x_wconf 82' lang='lat' dir='ltr'><strong>vetuli</strong></span> <span class='ocrx_word' id='word_1_90' title='bbox 560 1894 646 1953; x_wconf 81' lang='lat' dir='ltr'><strong>dicax</strong></span> <span class='ocrx_word' id='word_1_91' title='bbox 660 1892 788 1953; x_wconf 84' lang='lat' dir='ltr'><strong>cinaedi.</strong></span> 
     </span>
     <span class='ocr_line' id='line_1_19' title="bbox 175 1974 656 2058; baseline 0.002 -24"><span class='ocrx_word' id='word_1_92' title='bbox 175 1976 275 2052; x_wconf 80' lang='lat' dir='ltr'><strong>Quare</strong></span> <span class='ocrx_word' id='word_1_93' title='bbox 289 1974 398 2036; x_wconf 74' lang='lat' dir='ltr'><strong>¹desine</strong></span> <span class='ocrx_word' id='word_1_94' title='bbox 412 1978 542 2058; x_wconf 83' lang='lat' dir='ltr'><strong>iamtibi</strong></span> <span class='ocrx_word' id='word_1_95' title='bbox 556 1976 656 2036; x_wconf 87' lang='lat' dir='ltr'><strong>videri</strong></span> 
     </span>
    </p>

    <p class='ocr_par' dir='ltr' id='par_1_8' title="bbox 71 2058 814 2309">
     <span class='ocr_line' id='line_1_20' title="bbox 71 2058 724 2137; baseline -0.002 -18"><span class='ocrx_word' id='word_1_96' title='bbox 71 2064 75 2073; x_wconf 91' lang='lat'>&#39;</span> <span class='ocrx_word' id='word_1_97' title='bbox 133 2069 165 2120; x_wconf 78' lang='lat'><strong>15</strong></span> <span class='ocrx_word' id='word_1_98' title='bbox 173 2058 262 2134; x_wconf 81' lang='lat' dir='ltr'><strong>Quod</strong></span> <span class='ocrx_word' id='word_1_99' title='bbox 275 2058 334 2118; x_wconf 86' lang='lat' dir='ltr'><strong>soli</strong></span> <span class='ocrx_word' id='word_1_100' title='bbox 347 2061 420 2136; x_wconf 86' lang='lat' dir='ltr'><strong>tibi,</strong></span> <span class='ocrx_word' id='word_1_101' title='bbox 441 2060 573 2137; x_wconf 81' lang='lat' dir='ltr'><strong>Caecili,</strong></span> <span class='ocrx_word' id='word_1_102' title='bbox 593 2059 724 2137; x_wconf 76' lang='lat' dir='ltr'><strong>sideris,</strong></span> 
     </span>
     <span class='ocr_line' id='line_1_21' title="bbox 178 2142 751 2223; baseline 0.002 -23"><span class='ocrx_word' id='word_1_103' title='bbox 178 2142 236 2218; x_wconf 82' lang='lat' dir='ltr'><strong>Qui</strong></span> <span class='ocrx_word' id='word_1_104' title='bbox 252 2142 387 2201; x_wconf 81' lang='lat' dir='ltr'><strong>Gabbam</strong></span> <span class='ocrx_word' id='word_1_105' title='bbox 402 2142 514 2203; x_wconf 89' lang='lat' dir='ltr'><strong>salibus</strong></span> <span class='ocrx_word' id='word_1_106' title='bbox 529 2144 590 2201; x_wconf 92' lang='lat' dir='ltr'><strong>tuis</strong></span> <span class='ocrx_word' id='word_1_107' title='bbox 604 2149 637 2201; x_wconf 85' lang='lat' dir='ltr'><strong>et</strong></span> <span class='ocrx_word' id='word_1_108' title='bbox 651 2145 751 2223; x_wconf 88' lang='lat' dir='ltr'><strong>ipsum</strong></span> 
     </span>
     <span class='ocr_line' id='line_1_22' title="bbox 176 2225 814 2309; baseline 0.006 -25"><span class='ocrx_word' id='word_1_109' title='bbox 176 2225 288 2285; x_wconf 82' lang='lat' dir='ltr'><strong>Posses</strong></span> <span class='ocrx_word' id='word_1_110' title='bbox 302 2225 579 2309; x_wconf 32' lang='lat' dir='ltr'><strong>vincereu&#39;l&#39;ettium</strong></span> <span class='ocrx_word' id='word_1_111' title='bbox 594 2225 760 2288; x_wconf 81' lang='lat' dir='ltr'><strong>Cuballum.</strong></span> <span class='ocrx_word' id='word_1_112' title='bbox 808 2284 814 2289; x_wconf 84' lang='lat'>.</span> 
     </span>
    </p>

    <p class='ocr_par' dir='ltr' id='par_1_9' title="bbox 141 2308 868 2388">
     <span class='ocr_line' id='line_1_23' title="bbox 141 2308 868 2388; baseline -0.004 -18"><span class='ocrx_word' id='word_1_113' title='bbox 141 2308 243 2370; x_wconf 86' lang='lat' dir='ltr'><strong>..Nou</strong></span> <span class='ocrx_word' id='word_1_114' title='bbox 260 2309 428 2388; x_wconf 85' lang='lat' dir='ltr'><strong>cuicunque</strong></span> <span class='ocrx_word' id='word_1_115' title='bbox 443 2308 545 2368; x_wconf 87' lang='lat' dir='ltr'><strong>datum</strong></span> <span class='ocrx_word' id='word_1_116' title='bbox 559 2310 736 2370; x_wconf 85' lang='lat' dir='ltr'><strong>esthabere</strong></span> <span class='ocrx_word' id='word_1_117' title='bbox 750 2329 868 2369; x_wconf 91' lang='lat' dir='ltr'><strong>nasum:</strong></span> 
     </span>
    </p>

    <p class='ocr_par' dir='ltr' id='par_1_10' title="bbox 113 2392 761 2556">
     <span class='ocr_line' id='line_1_24' title="bbox 173 2392 748 2479; baseline 0 -27"><span class='ocrx_word' id='word_1_118' title='bbox 173 2392 266 2453; x_wconf 86' lang='lat' dir='ltr'><strong>Ludit</strong></span> <span class='ocrx_word' id='word_1_119' title='bbox 281 2394 332 2470; x_wconf 88' lang='lat' dir='ltr'><strong>qui</strong></span> <span class='ocrx_word' id='word_1_120' title='bbox 346 2392 457 2453; x_wconf 89' lang='lat' dir='ltr'><strong>stolida</strong></span> <span class='ocrx_word' id='word_1_121' title='bbox 471 2395 674 2472; x_wconf 79' lang='lat' dir='ltr'><strong>procacitate,</strong></span> <span class='ocrx_word' id='word_1_122' title='bbox 741 2467 748 2479; x_wconf 28' lang='grc' dir='ltr'>ι</span> 
     </span>
     <span class='ocr_line' id='line_1_25' title="bbox 113 2475 761 2556; baseline 0 -19"><span class='ocrx_word' id='word_1_123' title='bbox 113 2494 116 2502; x_wconf 86' lang='grc'>’</span> <span class='ocrx_word' id='word_1_124' title='bbox 133 2476 240 2537; x_wconf 79' lang='lat' dir='ltr'><strong>20Nou</strong></span> <span class='ocrx_word' id='word_1_125' title='bbox 255 2483 304 2536; x_wconf 85' lang='lat' dir='ltr'><strong>est</strong></span> <span class='ocrx_word' id='word_1_126' title='bbox 317 2477 440 2538; x_wconf 81' lang='lat' dir='ltr'><strong>Tettius</strong></span> <span class='ocrx_word' id='word_1_127' title='bbox 452 2476 537 2556; x_wconf 50' lang='lat' dir='ltr'><strong>illes</strong></span> <span class='ocrx_word' id='word_1_128' title='bbox 548 2478 604 2537; x_wconf 87' lang='lat' dir='ltr'><strong>sed</strong></span> <span class='ocrx_word' id='word_1_129' title='bbox 619 2475 761 2537; x_wconf 79' lang='lat' dir='ltr'><strong>caballus.</strong></span> 
     </span>
    </p>
   </div>
   <div class='ocr_carea' id='block_1_5' title="bbox 482 2626 654 2688">
    <p class='ocr_par' dir='ltr' id='par_1_11' title="bbox 482 2626 654 2688">
     <span class='ocr_line' id='line_1_26' title="bbox 482 2626 654 2688; baseline 0.052 -9"><span class='ocrx_word' id='word_1_130' title='bbox 482 2672 486 2679; x_wconf 92' lang='lat'>.</span> <span class='ocrx_word' id='word_1_131' title='bbox 563 2626 654 2688; x_wconf 89' lang='lat' dir='ltr'>XLII.</span> 
     </span>
    </p>
   </div>
   <div class='ocr_carea' id='block_1_6' title="bbox 155 2735 1002 3231">
    <p class='ocr_par' dir='ltr' id='par_1_12' title="bbox 155 2735 1002 3231">
     <span class='ocr_line' id='line_1_27' title="bbox 176 2735 886 2813; baseline -0.001 -16"><span class='ocrx_word' id='word_1_132' title='bbox 176 2737 321 2813; x_wconf 82' lang='lat' dir='ltr'><strong>Coniugis</strong></span> <span class='ocrx_word' id='word_1_133' title='bbox 337 2735 472 2796; x_wconf 82' lang='lat' dir='ltr'><strong>audisset</strong></span> <span class='ocrx_word' id='word_1_134' title='bbox 485 2738 581 2796; x_wconf 83' lang='lat' dir='ltr'><strong>fatum</strong></span> <span class='ocrx_word' id='word_1_135' title='bbox 594 2757 662 2795; x_wconf 90' lang='lat' dir='ltr'><strong>cum</strong></span> <span class='ocrx_word' id='word_1_136' title='bbox 676 2737 786 2797; x_wconf 83' lang='lat' dir='ltr'><strong>Porcia</strong></span> <span class='ocrx_word' id='word_1_137' title='bbox 798 2737 886 2796; x_wconf 89' lang='lat' dir='ltr'><strong>Bruti</strong></span> 
     </span>
     <span class='ocr_line' id='line_1_28' title="bbox 179 2818 896 2898; baseline 0.001 -20"><span class='ocrx_word' id='word_1_138' title='bbox 179 2858 182 2868; x_wconf 82' lang='lat'><em>·</em></span> <span class='ocrx_word' id='word_1_139' title='bbox 215 2820 257 2878; x_wconf 84' lang='lat' dir='ltr'><strong>Et</strong></span> <span class='ocrx_word' id='word_1_140' title='bbox 272 2821 425 2893; x_wconf 77' lang='lat' dir='ltr'><strong>subtracta</strong></span> <span class='ocrx_word' id='word_1_141' title='bbox 440 2822 498 2879; x_wconf 85' lang='lat' dir='ltr'><strong>sibi</strong></span> <span class='ocrx_word' id='word_1_142' title='bbox 514 2820 679 2898; x_wconf 82' lang='lat' dir='ltr'><strong>quaereret</strong></span> <span class='ocrx_word' id='word_1_143' title='bbox 696 2839 778 2877; x_wconf 85' lang='lat' dir='ltr'><strong>arma</strong></span> <span class='ocrx_word' id='word_1_144' title='bbox 792 2818 896 2895; x_wconf 87' lang='lat' dir='ltr'><strong>dolor,</strong></span> 
     </span>
     <span class='ocr_line' id='line_1_29' title="bbox 175 2902 1002 2983; baseline 0 -20"><span class='ocrx_word' id='word_1_145' title='bbox 175 2902 337 2981; x_wconf 86' lang='lat' dir='ltr'><strong>„Nondum</strong></span> <span class='ocrx_word' id='word_1_146' title='bbox 352 2904 459 2963; x_wconf 82' lang='lat' dir='ltr'><strong>scitis“</strong></span> <span class='ocrx_word' id='word_1_147' title='bbox 472 2905 515 2962; x_wconf 88' lang='lat' dir='ltr'><strong>ait</strong></span> <span class='ocrx_word' id='word_1_148' title='bbox 527 2908 680 2980; x_wconf 83' lang='lat' dir='ltr'><strong>„mortem</strong></span> <span class='ocrx_word' id='word_1_149' title='bbox 693 2919 756 2960; x_wconf 90' lang='lat' dir='ltr'><strong>uon</strong></span> <span class='ocrx_word' id='word_1_150' title='bbox 769 2921 860 2983; x_wconf 86' lang='lat' dir='ltr'><strong>posse</strong></span> <span class='ocrx_word' id='word_1_151' title='bbox 875 2904 1002 2982; x_wconf 70' lang='lat' dir='ltr'><strong>negari?</strong></span> 
     </span>
     <span class='ocr_line' id='line_1_30' title="bbox 217 2985 913 3066; baseline -0.006 -19"><span class='ocrx_word' id='word_1_152' title='bbox 217 2987 431 3065; x_wconf 76' lang='lat' dir='ltr'><strong>credideram,</strong></span> <span class='ocrx_word' id='word_1_153' title='bbox 450 2987 521 3046; x_wconf 86' lang='lat' dir='ltr'><strong>fatis</strong></span> <span class='ocrx_word' id='word_1_154' title='bbox 536 2987 595 3046; x_wconf 88' lang='lat' dir='ltr'><strong>hoc</strong></span> <span class='ocrx_word' id='word_1_155' title='bbox 609 2985 750 3045; x_wconf 86' lang='lat' dir='ltr'><strong>docuisse</strong></span> <span class='ocrx_word' id='word_1_156' title='bbox 763 2988 913 3066; x_wconf 85' lang='lat' dir='ltr'><strong>patrem.“</strong></span> 
     </span>
     <span class='ocr_line' id='line_1_31' title="bbox 155 3067 879 3131; baseline -0.004 -1"><span class='ocrx_word' id='word_1_157' title='bbox 155 3071 261 3131; x_wconf 72' lang='lat' dir='ltr'><strong>abiut</strong></span> <span class='ocrx_word' id='word_1_158' title='bbox 275 3078 307 3130; x_wconf 89' lang='lat' dir='ltr'><strong>et</strong></span> <span class='ocrx_word' id='word_1_159' title='bbox 322 3069 466 3131; x_wconf 85' lang='lat' dir='ltr'><strong>ardentes</strong></span> <span class='ocrx_word' id='word_1_160' title='bbox 477 3070 567 3130; x_wconf 68' lang='lat' dir='ltr'><strong>&#39;avido</strong></span> <span class='ocrx_word' id='word_1_161' title='bbox 583 3071 662 3129; x_wconf 90' lang='lat' dir='ltr'><strong>bibit</strong></span> <span class='ocrx_word' id='word_1_162' title='bbox 676 3087 730 3128; x_wconf 88' lang='lat' dir='ltr'><strong>cre</strong></span> <span class='ocrx_word' id='word_1_163' title='bbox 744 3067 879 3128; x_wconf 83' lang='lat' dir='ltr'><strong>favillas:</strong></span> 
     </span>
     <span class='ocr_line' id='line_1_32' title="bbox 216 3152 966 3231; baseline -0.004 -18"><span class='ocrx_word' id='word_1_164' title='bbox 216 3155 322 3214; x_wconf 88' lang='lat' dir='ltr'><strong>quuc</strong></span> <span class='ocrx_word' id='word_1_165' title='bbox 337 3160 369 3212; x_wconf 90' lang='lat' dir='ltr'><strong>et</strong></span> <span class='ocrx_word' id='word_1_166' title='bbox 383 3155 515 3231; x_wconf 85' lang='lat' dir='ltr'><strong>ferrum,</strong></span> <span class='ocrx_word' id='word_1_167' title='bbox 536 3155 627 3213; x_wconf 91' lang='lat' dir='ltr'><strong>turba</strong></span> <span class='ocrx_word' id='word_1_168' title='bbox 644 3152 789 3229; x_wconf 87' lang='lat' dir='ltr'><strong>molesta,</strong></span> <span class='ocrx_word' id='word_1_169' title='bbox 807 3169 894 3230; x_wconf 84' lang='lat' dir='ltr'><strong>nega.</strong></span> <span class='ocrx_word' id='word_1_170' title='bbox 965 3216 966 3220; x_wconf 41' lang='lat'>,</span> 
     </span>
    </p>
   </div>
   <div class='ocr_carea' id='block_1_7' title="bbox 555 3287 658 3346">
    <p class='ocr_par' dir='ltr' id='par_1_13' title="bbox 555 3287 658 3346">
     <span class='ocr_line' id='line_1_33' title="bbox 555 3287 658 3346; baseline 0 0"><span class='ocrx_word' id='word_1_171' title='bbox 555 3287 658 3346; x_wconf 86' lang='lat' dir='ltr'><strong>XLlll.</strong></span> 
     </span>
    </p>
   </div>
   <div class='ocr_carea' id='block_1_8' title="bbox 175 3396 988 3563">
    <p class='ocr_par' dir='ltr' id='par_1_14' title="bbox 175 3396 988 3563">
     <span class='ocr_line' id='line_1_34' title="bbox 175 3396 864 3475; baseline 0.004 -21"><span class='ocrx_word' id='word_1_172' title='bbox 175 3396 227 3454; x_wconf 87' lang='lat' dir='ltr'><strong>Bis</strong></span> <span class='ocrx_word' id='word_1_173' title='bbox 240 3396 297 3455; x_wconf 91' lang='lat' dir='ltr'><strong>tibi</strong></span> <span class='ocrx_word' id='word_1_174' title='bbox 310 3397 422 3457; x_wconf 83' lang='lat' dir='ltr'><strong>triceni</strong></span> <span class='ocrx_word' id='word_1_175' title='bbox 435 3397 563 3475; x_wconf 83' lang='lat' dir='ltr'><strong>fuimus,</strong></span> <span class='ocrx_word' id='word_1_176' title='bbox 584 3398 744 3475; x_wconf 77' lang='lat' dir='ltr'><strong>Manciae,</strong></span> <span class='ocrx_word' id='word_1_177' title='bbox 765 3400 864 3458; x_wconf 81' lang='lat' dir='ltr'><strong>vocati</strong></span> 
     </span>
     <span class='ocr_line' id='line_1_35' title="bbox 212 3479 988 3563; baseline 0.008 -25"><span class='ocrx_word' id='word_1_178' title='bbox 212 3479 401 3559; x_wconf 77' lang='lat' dir='ltr'><strong>inpositum</strong></span> <span class='ocrx_word' id='word_1_179' title='bbox 416 3488 464 3542; x_wconf 85' lang='lat' dir='ltr'><strong>est</strong></span> <span class='ocrx_word' id='word_1_180' title='bbox 477 3484 565 3542; x_wconf 89' lang='lat' dir='ltr'><strong>uobis</strong></span> <span class='ocrx_word' id='word_1_181' title='bbox 580 3479 624 3541; x_wconf 90' lang='lat' dir='ltr'><strong>nil</strong></span> <span class='ocrx_word' id='word_1_182' title='bbox 638 3483 714 3542; x_wconf 86' lang='lat' dir='ltr'><strong>here</strong></span> <span class='ocrx_word' id='word_1_183' title='bbox 728 3489 853 3563; x_wconf 81' lang='lat' dir='ltr'><strong>praeter</strong></span> <span class='ocrx_word' id='word_1_184' title='bbox 867 3502 988 3561; x_wconf 85' lang='lat' dir='ltr'><strong>aprum,</strong></span> 
     </span>
    </p>
   </div>
   <div class='ocr_carea' id='block_1_9' title="bbox 0 0 1136 3786">
    <p class='ocr_par' dir='ltr' id='par_1_15' title="bbox 0 0 1136 3786">
     <span class='ocr_line' id='line_1_36' title="bbox 0 0 1136 3786; baseline 0 0"><span class='ocrx_word' id='word_1_185' title='bbox 0 0 1136 3786; x_wconf 95' lang='lat' dir='ltr'><strong> </strong></span> 
     </span>
    </p>
   </div>
  </div>
 </body>
</html>
