2264 3786
315 160 738 271 scicannnmuqnma
753 180 775 241 1

136 416 288 496 Imperia
301 413 457 473 viduarum
470 411 593 492 procnl;

71 501 184 564 35Non
200 504 321 577 rumpet
335 495 428 557 altum
443 494 576 576 pallidus
593 514 730 555 somnum
743 513 831 583 rens,

158 582 222 642 Sed
235 599 322 641 mane
336 587 435 640 totum
450 579 593 639 dormies

115 668 277 727 Mereatur
292 663 369 724 alius
385 662 500 742 grande
515 664 570 723 et
560 681 699 722 rnsanum
715 663 874 742 sophos:
849 724 855 729 ,

157 751 313 810 Miserere
326 755 361 807 tu
374 746 513 807 felicium

116 835 263 911 Veroque
277 832 383 891 fruere
397 850 460 890 non
474 831 625 910 superbus
639 828 763 908 gaudio,

74 926 109 980 40
156 916 234 976 Dum
249 916 326 975 Sura
339 913 480 974 laudatur
493 919 573 975 tuus.
878 910 880 915 ’

116 1002 185 1061 Νοιι
200 999 397 1079 impudenter
410 999 472 1058 vita
487 996 569 1076 qnod
583 996 711 1057 relicum
726 1001 776 1056 est
788 999 884 1078 petit,

157 1085 235 1144 Cum
248 1085 327 1143 fama
342 1081 423 1160 quod
436 1082 509 1141 satis
529 1089 582 1141 est
591 1082 693 1140 habet.

529 1214 564 1274 L.

117 1329 150 1389 Si
164 1329 222 1387 tibi
235 1323 393 1404 Mistyllos
408 1344 516 1403 cocus,
538 1324 725 1401 Aemiliane,
745 1331 884 1404 vocatur,

120 1484 122 1489 ι
159 1411 286 1472 Dicatur
301 1427 394 1489 quare
409 1426 471 1469 non
490 1407 645 1468 Taratalla
658 1407 754 1503 milri?
809 1404 813 1409 '
839 1416 845 1425 ·

528 1542 575 1603 LI.

117 1656 186 1717 Non
198 1657 273 1716 facit
291 1654 329 1714 ad
344 1672 448 1714 saevos
463 1656 581 1731 cervix,
595 1654 654 1713 nisi
668 1655 781 1733 prima,
793 1651 910 1717 leones.

159 1740 240 1816 Quid
253 1741 334 1817 fugis
347 1739 404 1797 hos
420 1737 545 1814 dentes,
563 1738 722 1798 ambitiose
736 1736 848 1817 lepus?

118 1821 252 1883 Scilicet
261 1844 277 1882 a
292 1823 407 1900 magnis
421 1820 459 1880 ad
472 1827 505 1890 te
520 1819 710 1879 descendere
726 1824 822 1881 tauris

157 1909 199 1968 Et
214 1925 290 1985 qnae
304 1925 366 1965 uon
380 1910 510 1964 cernunt
523 1903 667 1982 frangere
681 1888 760 1964 colla
771 1903 859 1966 velis.

98 1989 319 2069 5Desperanda
333 1990 391 2048 tibi
404 1995 453 2048 est
465 1989 601 2067 ingentis
615 1986 715 2065 gloria
728 1989 800 2049 fati:

159 2076 228 2135 Non
241 2082 331 2153 potes
346 2073 407 2132 hoc
420 2073 522 2132 tenuis
536 2072 651 2151 praeda
665 2074 720 2131 snb
736 2074 827 2134 hoste
840 2074 929 2138 morl.

521 2204 583 2265 Lll.

119 2317 306 2380 Commendo
318 2319 595 2399 tibi,.Qnintiane,
616 2325 739 2379 nostros
756 2353 798 2367 -

118 2401 247 2462 Nostros
264 2401 369 2461 dicare
381 2402 413 2463 'si
427 2409 530 2462 tamen
543 2401 670 2462 libellos

117 2487 261 2562 Possum,
282 2504 357 2562 quos
369 2487 482 2546 recitat
495 2492 564 2544 tuus
577 2493 671 2563 poeta
682 2505 738 2542 —-:

119 2569 152 2629 Si
168 2569 208 2628 de
225 2570 350 2629 servitio
367 2571 450 2647 gravi
466 2575 651 2647 queruntur,

96 2640 267 2715 lassa-tor
281 2653 384 2713 venias
397 2653 532 2730 satisque
546 2656 701 2731 praestes,

117 2738 174 2813 Et,
196 2755 264 2795 cnm
278 2754 312 2796 re
327 2735 481 2795 dominum
495 2735 616 2795 vocabit
628 2733 698 2812 ille,

118 2780 209 2880 Dicas
222 2837 291 2879 esse
304 2838 388 2880 meos
403 2838 552 2898 manuque
567 2819 684 2879 missos.

117 2905 225 2964 Hoc'
200 2922 227 2962 ar
243 2910 354 2980 terque
371 2911 540 2982 quaterque
555 2902 736 2980 clamitatis,

86 2988 92 3001 “
118 2987 260 3067 lmpones
272 2985 421 3068 plagiario
435 2986 594 3065 pudorem.

510 3135 585 3196 Llll.

119 3247 187 3308 Una
201 3249 296 3308 estin
310 3249 423 3307 nostris
438 3254 506 3326 tua,
526 3246 709 3324 Fidentine,
729 3244 845 3305 libellis

50 3328 52 3337 ⁸
117 3330 248 3409 Pagina,
267 3331 323 3390 sed
338 3338 423 3391 certa
437 3330 550 3391 domiui
564 3333 681 3409 signata
694 3331 807 3406 figura,
916 3356 920 3365 ¹

120 3414 204 3490 Quae
217 3422 269 3474 tna
281 3413 416 3475 traducit
429 3415 590 3473 manifesto
605 3414 737 3487 carmina
750 3411 842 3471 furto.
884 3458 895 3464 ..
957 3454 965 3462 .

907 224 916 241 .
1022 178 1062 240 23

70 378 79 383 -
114 330 229 394 Procul
242 328 387 390 horridus
400 329 554 389 liburnus
569 334 602 388 et
616 328 762 408 querulus
778 276 890 423 cliens,
974 362 979 379 ι
