2264 3786
388 200 556 264 rausa.
572 195 795 260 Msurcams
880 270 885 287 Ι
985 250 989 257 .

60 351 64 358 ’
172 355 240 417 Una
252 353 400 415 lavamur:
422 354 531 432 aspicit
545 349 623 411 nihil
638 371 738 411 susum
747 370 764 427 ‚¹

172 439 236 499 Sed
250 444 369 517 spectat
384 437 480 497 oculis
497 437 710 495 devorantibus
727 434 855 493 draucos
944 468 948 475 -

173 523 238 582 Nec
253 523 358 600 qtiosis
373 519 524 580 mentulas
537 519 622 578 videt
635 518 740 579 labris.

147 604 152 611 ’
174 605 303 683 Quaeris
319 605 386 685 quis
403 606 454 664 hic
469 603 534 663 siti
562 601 686 663 Excidit
701 601 775 660 mihi
789 617 911 660 nomen.

543 734 661 797 XCVII.

159 854 252 912 'Cum
266 848 395 908 clamant
411 866 532 924 omnes,
552 844 690 923 loqueris
706 851 795 937 tunc2
816 842 970 935 Naevole,
989 823 1109 921 tantum·

98 930 121 984 ·'
214 934 256 992 Et
268 940 300 990 te
315 939 476 1011 patronum
491 928 735 1006 causidicumque
753 934 851 1007 putas.

175 1019 240 1077 Hac
255 1015 375 1073 ratione
389 1019 493 1092 potest
508 1030 597 1071 nemo
614 1029 674 1070 non
689 1030 758 1071 csse
773 1011 930 1073 disertus·

216 1099 315 1175 Ecce,
334 1102 438 1157 tacent
452 1113 573 1156 omnes:
591 1092 744 1172 Naevole,
767 1094 816 1155 dic
831 1094 957 1176 aliquid·

536 1225 671 1291 xcvnr.
793 1300 796 1306 ,

176 1345 292 1422 Litigat
306 1349 338 1402 et
350 1341 485 1422 podagra
500 1341 667 1418 Diodorus,
688 1338 818 1419 Flacca,
835 1328 977 1417 laborat'

219 1427 282 1487 Sed
301 1425 346 1486 uil
359 1431 488 1506 patrono
503 1427 648 1506 porrIgit:
670 1426 747 1484 haec
760 1427 907 1504 cheragra
922 1432 978 1499 est.

555 1572 661 1633 XCIX.

176 1687 245 1748 Nou
257 1685 381 1768 plenum
397 1684 486 1745 modo
500 1686 614 1744 viciens
627 1687 780 1766 habebas,

179 1771 242 1830 Sed
255 1777 317 1830 tam
331 1769 476 1850 prodigus
491 1775 581 1849 atquc
596 1768 736 1831 liberalis

152 1881 154 1884 ’
176 1855 218 1916 Et
230 1862 292 1914 tam
304 1853 403 1914 lautus
418 1872 505 1931 eras,
529 1852 660 1933 Calene,
682 1861 716 1914 ut
731 1873 835 1915 omues

178 1939 330 2018 Optarent
342 1939 400 1998 tibi
413 1939 551 1998 centiens
566 1939 661 1998 amici.

158 2023 276 2099 tdudit
289 2027 359 2080 vota
373 2020 448 2080 deus
462 2037 633 2099 precesque
646 2026 767 2080 nostras

65 2160 74 2179 ,
179 2107 280 2183 Atque
295 2105 393 2183 intra,
414 2108 504 2182 puto,
525 2104 670 2181 septimas
683 2101 836 2164 Kalendas
877 2126 880 2152 ἐ

179 2189 299 2247 Mortes
313 2186 372 2245 hoc
387 2187 443 2245 tibi
458 2191 601 2264 quattuor
616 2184 778 2248 dederunt.

179 2272 222 2330 At
236 2275 269 2329 tu
283 2270 327 2329 sic
342 2269 427 2346 quasi
440 2288 501 2328 non
514 2269 598 2328 foret
610 2268 769 2348 relictum,

178 2353 241 2413 Sed
257 2358 376 2433 raptum
390 2353 447 2411 tibi
462 2354 618 2431 centiens,
637 2353 728 2412 abisti

138 2438 211 2501 10111
225 2443 340 2497 tantam
352 2437 445 2495 miser
459 2437 674 2516 esuritionem,
785 2481 788 2485 -

178 2521 222 2582 Ut
237 2521 372 2580 convivia
387 2521 625 2599 sumptuosiora,

180 2604 261 2663 'l'oto
277 2621 353 2683 quae
368 2603 465 2662 semel
479 2624 605 2683 apparas
620 2604 652 2663 iu
667 2623 762 2680 anno,

179 2687 292 2764 Nigrae
306 2685 447 2746 sordibus
462 2688 596 2766 explices
610 2695 767 2764 monetae,

66 2836 72 2854 Ι
178 2770 219 2830 Et
234 2775 353 2848 septem
366 2776 488 2846 veteres
502 2772 547 2830 tui
561 2767 682 2830 sodales

139 2863 172 2915 15
181 2854 362 2913 Constemus
375 2855 432 2913 tibi
444 2852 585 2933 plumbea
600 2852 724 2913 selibra.

181 2935 261 3010 Quid
275 2935 398 3016 dignum
412 2939 530 2996 meritis
543 2955 705 3015 precemur
718 2935 808 2995 istis?

81 3021 84 3025 ’
181 3020 326 3098 Optamus
339 3021 398 3080 tibi
410 3018 548 3092 miIiens,
570 3018 693 3079 Calene.

181 3106 248 3164 Hoc
263 3105 290 3164 si
302 3104 483 3181 contigerit,
503 3102 583 3162 fame
596 3102 723 3183 peribis.

592 3235 616 3296 C

183 3344 329 3408 Mammas
343 3350 434 3425 atque
448 3350 526 3406 tatas
539 3344 633 3405 habet
646 3345 738 3424 Aira,'
760 3345 815 3407 sed
827 3347 893 3427 ipsa
903 3353 1035 3411 tatarum

225 3428 293 3491 Dici
309 3436 342 3491 et
354 3449 547 3493 mnumarum
559 3429 686 3491 maxima
700 3450 826 3492 mamma
839 3439 952 3512 potest
