2264 3786
301 173 635 242 EPIGRAMMATON
649 177 722 238 Lib,
738 177 786 238 ΙΙΙ»

487 381 594 445 XLIV.

112 491 255 551 Occurrit
267 491 325 551 tibi
338 509 427 551 nemu
443 491 524 570 quud
537 490 687 567 libenter,

70 588 72 593 ·
110 572 214 651 Quod,
236 593 415 652 quacunque
428 576 531 651 venia,
553 575 623 653 iuga
639 583 688 633 eut
701 580 734 633 et
747 575 854 653 ingena

109 658 199 718 Circa
212 663 263 735 te,
283 657 449 735 Ligurine,
471 654 621 735 solitudo,

109 739 189 816 Quid
204 741 261 816 ait,
282 741 362 799 scire
377 741 484 820 cupis?
510 740 607 800 Nimia
619 746 712 820 poeta
725 759 768 803 es.

85 824 177 884 5H0c
190 821 278 882 valde
291 825 396 885 vitium
408 823 614 903 periculorum
627 831 684 886 eet.

108 907 177 965 Nun
191 907 279 983 tigria
293 904 401 966 natulis
416 908 508 975 citata
521 908 635 986 raptis,

109 989 176 1049 Non
197 987 298 1068 dipsas
312 988 413 1049 medio
427 997 553 1069 perusta
567 988 650 1067 aule,

110 1072 174 1130 Nec
191 1073 235 1130 sic
249 1074 387 1151 scorpion
400 1074 557 1152 improbus
573 1074 709 1136 timetur.

109 1138 185 1213 Nam
199 1160 318 1231 tantos,
339 1173 432 1234 rugo,
454 1158 522 1234 quie
535 1156 619 1215 ierat
634 1156 778 1217 laborer?

67 1239 151 1300 lolii
165 1239 258 1297 stanti
279 1236 358 1317 legia
372 1248 405 1298 et
417 1238 495 1317 legia
509 1239 671 1318 sedenti„
704 1283 712 1289 -
866 1238 874 1256 '
937 1239 940 1247 '

108 1321 254 1381 Gurrenti
267 1320 345 1399 legii
359 1329 392 1381 et
404 1320 482 1400 legia
496 1324 620 1383 curanti.

108 1406 141 1463 ln
156 1404 290 1464 thermae
302 1405 403 1484 fugin:
424 1424 513 1465 ronan
527 1404 566 1465 ad
579 1423 693 1466 aurern.

106 1487 258 1546 Pircinam
271 1493 360 1568 peto:
382 1488 531 1549 nonlicet
545 1496 663 1549 natare.

108 1570 156 1629 Ad
172 1587 275 1630 cenam
289 1590 440 1651 properet
458 1579 547 1632 tener
562 1579 694 1641 euntem.

66 1664 100 1716 15
111 1653 157 1713 Ad
172 1672 276 1713 cenam
291 1657 395 1715 venio:
416 1655 503 1734 fugas
518 1656 686 1718 sedentem

108 1737 219 1798 [asans
234 1736 367 1798 dormio:
389 1741 516 1798 suscitar
528 1741 689 1799 iacentem.

108 1821 180 1898 vn,
204 1827 346 1898 quantum
361 1822 455 1881 facias
470 1821 555 1897 mali,
576 1821 708 1881 videre?

109 1904 166 1971 Vir
180 1905 293 1982 iustus,
312 1907 442 1985 probus,
463 1906 611 1966 innocens
624 1903 752 2001 timeris.

496 2043 587 2106 XLV.

107 2154 237 2233 Fugerit
252 2173 290 2214 an
302 2154 445 2214 Phoebus
459 2166 579 2215 mensas
593 2175 759 2236 cenamque
774 2156 929 2235 Thyestae

150 2239 274 2316 lgnuror
294 2238 425 2315 fugimus
438 2256 511 2316 nor,
532 2240 695 2318 LIgnrine‚
716 2248 807 2301 tuam.
902 2284 905 2289 -

108 2320 163 2380 illa
178 2320 300 2398 quidem
314 2320 395 2380 lauta
410 2329 459 2380 ert
476 2321 665 2401 dapibusque
679 2325 829 2383 instructa
843 2323 998 2402 superbis,
1114 2318 1116 2325 ’

151 2403 213 2463 Sed
227 2404 305 2464 nihil
319 2407 439 2465 omnino
455 2411 488 2464 te
503 2407 653 2465 recitante
669 2405 781 2486 placet.

86 2484 189 2547 5Nulo
204 2488 278 2546 mihi
292 2506 387 2566 ponas
403 2487 723 2561 rhombus-mullumve
738 2487 895 2563 bilibrem,

120 2616 125 2625 .
150 2570 214 2630 Nee
226 2570 293 2630 vulo
310 2570 446 2647 boletus,
467 2576 570 2630 ostrea
586 2570 674 2634 nolu:
694 2578 770 2632 tace.

486 2702 590 2765 XLVI.

110 2811 214 2889 Exigis
229 2832 246 2870 a
261 2813 348 2873 nubis
364 2831 487 2892 operam
502 2814 567 2872 sine
587 2813 649 2872 iine
665 2818 806 2891 togatam.
905 2836 911 2849 ·

149 2894 287 2972 Nonou,
307 2894 452 2956 liberium
468 2895 524 2956 ned
537 2896 596 2957 tibi
609 2898 696 2957 mitio
711 2916 819 2960 meum.

108 2977 198 3055 „Nun
215 2978 285 3037 eat“
298 2979 401 3056 inquis
415 2979 550 3056 „idem.“
577 2979 678 3041 Multo
692 2979 761 3060 plur
776 2998 844 3041 erae
857 2982 1008 3061 probabo:

150 3059 208 3121 Vin
223 3079 279 3139 ego
294 3060 436 3123 lecticam
453 3065 637 3142 subsequar,
659 3061 715 3124 ille
728 3064 821 3125 ieret

87 3142 144 3204 5111
161 3146 284 3205 turbam
293 3143 456 3223 incideris,
476 3165 591 3206 euneos
606 3149 735 3207 umbone
750 3146 900 3225 repellet;

150 3226 316 3297 inualidum
330 3235 380 3288 est'
391 3230 478 3289 nobis
492 3230 714 3308 ingenuumque
728 3229 817 3291 latur.

110 3307 272 3384 Qnidiibet
283 3311 315 3369 in
330 3330 418 3371 ennea
431 3315 621 3390 narraveris,
640 3314 708 3391 ipre
722 3313 845 3372 tacebo:
889 3360 891 3365 ,
934 3342 936 3347 ,

151 3394 194 3453 At
207 3393 265 3482 tibi
278 3396 480 3472 tergeminum
493 3397 608 3474 mugiet
620 3393 675 3454 ille
692 3393 814 3474 sophon.
