<?xml version="1.0" encoding="UTF-8"?>
<!DOCTYPE html PUBLIC "-//W3C//DTD XHTML 1.0 Transitional//EN"
    "http://www.w3.org/TR/xhtml1/DTD/xhtml1-transitional.dtd">
<html xmlns="http://www.w3.org/1999/xhtml" xml:lang="en" lang="en">
 <head>
  <title>
</title>
<meta http-equiv="Content-Type" content="text/html;charset=utf-8" />
  <meta name='ocr-system' content='tesseract 3.04.00' />
  <meta name='ocr-capabilities' content='ocr_page ocr_carea ocr_par ocr_line ocrx_word'/>
</head>
<body>
  <div class='ocr_page' id='page_1' title='image "./epigrammatonlib00martgoog_0269.png"; bbox 0 0 2264 3786; ppageno 0'>
   <div class='ocr_carea' id='block_1_1' title="bbox 89 154 791 252">
    <p class='ocr_par' dir='ltr' id='par_1_1' title="bbox 89 154 791 252">
     <span class='ocr_line' id='line_1_1' title="bbox 89 154 791 252; baseline -0.009 0"><span class='ocrx_word' id='word_1_1' title='bbox 89 187 150 252; x_wconf 76' lang='lat' dir='ltr'><strong>aas</strong></span> <span class='ocrx_word' id='word_1_2' title='bbox 360 239 362 246; x_wconf 70' lang='grc'><strong>,</strong></span> <span class='ocrx_word' id='word_1_3' title='bbox 403 185 447 248; x_wconf 88' lang='grc' dir='ltr'>ιιι.</span> <span class='ocrx_word' id='word_1_4' title='bbox 463 154 554 248; x_wconf 76' lang='lat' dir='ltr'><strong>vra.</strong></span> <span class='ocrx_word' id='word_1_5' title='bbox 569 184 791 247; x_wconf 80' lang='lat' dir='ltr'><strong>mnnrrmrs</strong></span> 
     </span>
    </p>
   </div>
   <div class='ocr_carea' id='block_1_2' title="bbox 42 332 925 1505">
    <p class='ocr_par' dir='ltr' id='par_1_2' title="bbox 120 332 789 834">
     <span class='ocr_line' id='line_1_2' title="bbox 120 332 765 417; baseline -0.005 -17"><span class='ocrx_word' id='word_1_6' title='bbox 120 332 124 339; x_wconf 70' lang='grc'><strong>’</strong></span> <span class='ocrx_word' id='word_1_7' title='bbox 169 341 210 400; x_wconf 87' lang='lat' dir='ltr'><strong>Et</strong></span> <span class='ocrx_word' id='word_1_8' title='bbox 223 357 325 399; x_wconf 91' lang='lat' dir='ltr'><strong>secum</strong></span> <span class='ocrx_word' id='word_1_9' title='bbox 338 339 479 398; x_wconf 90' lang='lat' dir='ltr'><strong>comitem</strong></span> <span class='ocrx_word' id='word_1_10' title='bbox 494 337 596 396; x_wconf 84' lang='lat' dir='ltr'><strong>trahet</strong></span> <span class='ocrx_word' id='word_1_11' title='bbox 609 334 765 417; x_wconf 87' lang='lat' dir='ltr'><strong>pudorem.</strong></span> 
     </span>
     <span class='ocr_line' id='line_1_3' title="bbox 170 419 789 503; baseline -0.003 -21"><span class='ocrx_word' id='word_1_12' title='bbox 170 424 298 503; x_wconf 86' lang='lat' dir='ltr'>Semper</span> <span class='ocrx_word' id='word_1_13' title='bbox 311 423 475 502; x_wconf 82' lang='lat' dir='ltr'><strong>pauperior</strong></span> <span class='ocrx_word' id='word_1_14' title='bbox 488 419 572 480; x_wconf 89' lang='lat' dir='ltr'><strong>redit</strong></span> <span class='ocrx_word' id='word_1_15' title='bbox 583 427 728 500; x_wconf 85' lang='lat' dir='ltr'><strong>potestas.</strong></span> <span class='ocrx_word' id='word_1_16' title='bbox 785 448 789 452; x_wconf 94' lang='grc'><em>·</em></span> 
     </span>
     <span class='ocr_line' id='line_1_4' title="bbox 148 503 678 580; baseline -0.009 -14"><span class='ocrx_word' id='word_1_17' title='bbox 148 505 258 567; x_wconf 71' lang='lat' dir='ltr'><strong>bllelix</strong></span> <span class='ocrx_word' id='word_1_18' title='bbox 273 505 423 567; x_wconf 71' lang='lat' dir='ltr'><strong>auriferae</strong></span> <span class='ocrx_word' id='word_1_19' title='bbox 438 503 546 564; x_wconf 87' lang='lat' dir='ltr'><strong>colone</strong></span> <span class='ocrx_word' id='word_1_20' title='bbox 559 509 678 580; x_wconf 86' lang='lat' dir='ltr'><strong>terrae,</strong></span> 
     </span>
     <span class='ocr_line' id='line_1_5' title="bbox 167 587 672 650; baseline -0.008 0"><span class='ocrx_word' id='word_1_21' title='bbox 167 590 331 650; x_wconf 78' lang='lat' dir='ltr'><strong>Rectorem</strong></span> <span class='ocrx_word' id='word_1_22' title='bbox 344 608 436 648; x_wconf 85' lang='lat' dir='ltr'><strong>vacuo</strong></span> <span class='ocrx_word' id='word_1_23' title='bbox 451 587 519 648; x_wconf 89' lang='lat' dir='ltr'><strong>sinu</strong></span> <span class='ocrx_word' id='word_1_24' title='bbox 533 588 672 646; x_wconf 77' lang='lat' dir='ltr'><strong>remittes</strong></span> 
     </span>
     <span class='ocr_line' id='line_1_6' title="bbox 169 674 782 754; baseline -0.003 -22"><span class='ocrx_word' id='word_1_25' title='bbox 169 674 356 754; x_wconf 75' lang='lat' dir='ltr'><strong>Optabisque</strong></span> <span class='ocrx_word' id='word_1_26' title='bbox 370 690 485 748; x_wconf 88' lang='lat' dir='ltr'><strong>moras,</strong></span> <span class='ocrx_word' id='word_1_27' title='bbox 507 676 539 731; x_wconf 91' lang='lat' dir='ltr'><strong>et</strong></span> <span class='ocrx_word' id='word_1_28' title='bbox 556 675 716 731; x_wconf 84' lang='lat' dir='ltr'><strong>exeuntem</strong></span> <span class='ocrx_word' id='word_1_29' title='bbox 778 699 782 705; x_wconf 87' lang='lat'>-</span> 
     </span>
     <span class='ocr_line' id='line_1_7' title="bbox 167 754 671 834; baseline 0.006 -18"><span class='ocrx_word' id='word_1_30' title='bbox 167 757 237 817; x_wconf 88' lang='lat' dir='ltr'><strong>Udo</strong></span> <span class='ocrx_word' id='word_1_31' title='bbox 252 755 387 815; x_wconf 87' lang='lat' dir='ltr'><strong>Dalmata</strong></span> <span class='ocrx_word' id='word_1_32' title='bbox 399 754 507 834; x_wconf 82' lang='lat' dir='ltr'><strong>gaudio</strong></span> <span class='ocrx_word' id='word_1_33' title='bbox 523 755 671 834; x_wconf 82' lang='lat' dir='ltr'><strong>sequeris.</strong></span> 
     </span>
    </p>

    <p class='ocr_par' dir='ltr' id='par_1_3' title="bbox 121 837 925 917">
     <span class='ocr_line' id='line_1_8' title="bbox 121 837 925 917; baseline -0.002 -18"><span class='ocrx_word' id='word_1_34' title='bbox 121 839 126 844; x_wconf 90' lang='grc'><strong>’</strong></span> <span class='ocrx_word' id='word_1_35' title='bbox 168 841 230 899; x_wconf 90' lang='lat' dir='ltr'><strong>Nos</strong></span> <span class='ocrx_word' id='word_1_36' title='bbox 245 837 364 917; x_wconf 76' lang='lat' dir='ltr'><strong>Celtas,</strong></span> <span class='ocrx_word' id='word_1_37' title='bbox 381 838 503 916; x_wconf 83' lang='lat' dir='ltr'><strong>Macer,</strong></span> <span class='ocrx_word' id='word_1_38' title='bbox 523 844 556 898; x_wconf 88' lang='lat' dir='ltr'><strong>et</strong></span> <span class='ocrx_word' id='word_1_39' title='bbox 567 845 669 897; x_wconf 86' lang='lat' dir='ltr'><strong>truces</strong></span> <span class='ocrx_word' id='word_1_40' title='bbox 683 838 817 901; x_wconf 83' lang='lat' dir='ltr'><strong>Hiberos</strong></span> <span class='ocrx_word' id='word_1_41' title='bbox 922 876 925 885; x_wconf 79' lang='lat'><strong>,</strong></span> 
     </span>
    </p>

    <p class='ocr_par' dir='ltr' id='par_1_4' title="bbox 129 921 634 1001">
     <span class='ocr_line' id='line_1_9' title="bbox 129 921 634 1001; baseline -0.002 -18"><span class='ocrx_word' id='word_1_42' title='bbox 129 925 244 985; x_wconf 67' lang='lat' dir='ltr'><strong>lotium</strong></span> <span class='ocrx_word' id='word_1_43' title='bbox 258 921 413 982; x_wconf 89' lang='lat' dir='ltr'><strong>desiderio</strong></span> <span class='ocrx_word' id='word_1_44' title='bbox 427 923 472 981; x_wconf 89' lang='lat' dir='ltr'><strong>tui</strong></span> <span class='ocrx_word' id='word_1_45' title='bbox 486 928 634 1001; x_wconf 90' lang='lat' dir='ltr'><strong>petemus.</strong></span> 
     </span>
    </p>

    <p class='ocr_par' dir='ltr' id='par_1_5' title="bbox 61 1002 902 1334">
     <span class='ocr_line' id='line_1_10' title="bbox 61 1002 792 1085; baseline -0.004 -17"><span class='ocrx_word' id='word_1_46' title='bbox 61 1053 65 1068; x_wconf 83' lang='grc'>.</span> <span class='ocrx_word' id='word_1_47' title='bbox 80 1076 82 1085; x_wconf 49' lang='grc'>,</span> <span class='ocrx_word' id='word_1_48' title='bbox 169 1006 231 1067; x_wconf 86' lang='lat' dir='ltr'><strong>Sed</strong></span> <span class='ocrx_word' id='word_1_49' title='bbox 246 1022 443 1085; x_wconf 83' lang='lat' dir='ltr'><strong>quaecunque</strong></span> <span class='ocrx_word' id='word_1_50' title='bbox 457 1011 558 1064; x_wconf 85' lang='lat' dir='ltr'><strong>tamen</strong></span> <span class='ocrx_word' id='word_1_51' title='bbox 571 1003 691 1063; x_wconf 88' lang='lat' dir='ltr'><strong>feretur</strong></span> <span class='ocrx_word' id='word_1_52' title='bbox 708 1002 792 1065; x_wconf 88' lang='lat' dir='ltr'><strong>illinc</strong></span> 
     </span>
     <span class='ocr_line' id='line_1_11' title="bbox 167 1086 785 1165; baseline -0.005 -17"><span class='ocrx_word' id='word_1_53' title='bbox 167 1090 285 1148; x_wconf 81' lang='lat' dir='ltr'><strong>Piscosi</strong></span> <span class='ocrx_word' id='word_1_54' title='bbox 301 1086 413 1147; x_wconf 88' lang='lat' dir='ltr'><strong>calamo</strong></span> <span class='ocrx_word' id='word_1_55' title='bbox 430 1087 507 1165; x_wconf 81' lang='lat' dir='ltr'><strong>&#39;lagi</strong></span> <span class='ocrx_word' id='word_1_56' title='bbox 520 1093 640 1164; x_wconf 90' lang='lat' dir='ltr'><strong>notata,</strong></span> <span class='ocrx_word' id='word_1_57' title='bbox 783 1158 785 1162; x_wconf 19' lang='grc' dir='ltr'>ι</span> 
     </span>
     <span class='ocr_line' id='line_1_12' title="bbox 168 1171 902 1251; baseline -0.004 -18"><span class='ocrx_word' id='word_1_58' title='bbox 168 1174 305 1233; x_wconf 88' lang='lat' dir='ltr'><strong>Macrum</strong></span> <span class='ocrx_word' id='word_1_59' title='bbox 318 1171 427 1251; x_wconf 78' lang='lat' dir='ltr'><strong>pagina</strong></span> <span class='ocrx_word' id='word_1_60' title='bbox 442 1178 547 1232; x_wconf 91' lang='lat' dir='ltr'><strong>nostra</strong></span> <span class='ocrx_word' id='word_1_61' title='bbox 561 1172 736 1231; x_wconf 88' lang='lat' dir='ltr'><strong>nominabit.</strong></span> <span class='ocrx_word' id='word_1_62' title='bbox 899 1177 902 1187; x_wconf 93' lang='lat'>&#39;</span> 
     </span>
     <span class='ocr_line' id='line_1_13' title="bbox 168 1252 684 1334; baseline -0.002 -18"><span class='ocrx_word' id='word_1_63' title='bbox 168 1256 219 1316; x_wconf 90' lang='lat' dir='ltr'><strong>Sic</strong></span> <span class='ocrx_word' id='word_1_64' title='bbox 232 1255 315 1314; x_wconf 91' lang='lat' dir='ltr'><strong>inter</strong></span> <span class='ocrx_word' id='word_1_65' title='bbox 329 1262 451 1316; x_wconf 82' lang='lat' dir='ltr'><strong>veteres</strong></span> <span class='ocrx_word' id='word_1_66' title='bbox 464 1252 549 1334; x_wconf 81' lang='lat' dir='ltr'><strong>legar</strong></span> <span class='ocrx_word' id='word_1_67' title='bbox 562 1259 684 1334; x_wconf 87' lang='lat' dir='ltr'><strong>poetas,</strong></span> 
     </span>
    </p>

    <p class='ocr_par' dir='ltr' id='par_1_6' title="bbox 112 1336 766 1421">
     <span class='ocr_line' id='line_1_14' title="bbox 112 1336 766 1421; baseline -0.003 -21"><span class='ocrx_word' id='word_1_68' title='bbox 112 1338 230 1400; x_wconf 83' lang='lat' dir='ltr'><strong>&#39;15Nec</strong></span> <span class='ocrx_word' id='word_1_69' title='bbox 243 1336 355 1399; x_wconf 90' lang='lat' dir='ltr'><strong>multos</strong></span> <span class='ocrx_word' id='word_1_70' title='bbox 369 1339 443 1421; x_wconf 76' lang='lat' dir='ltr'><strong>mihi</strong></span> <span class='ocrx_word' id='word_1_71' title='bbox 457 1338 614 1419; x_wconf 84' lang='lat' dir='ltr'><strong>praeferas</strong></span> <span class='ocrx_word' id='word_1_72' title='bbox 628 1339 766 1418; x_wconf 84' lang='lat' dir='ltr'><strong>priores,</strong></span> 
     </span>
    </p>

    <p class='ocr_par' dir='ltr' id='par_1_7' title="bbox 42 1418 790 1505">
     <span class='ocr_line' id='line_1_15' title="bbox 42 1418 790 1505; baseline 0 -23"><span class='ocrx_word' id='word_1_73' title='bbox 42 1494 46 1505; x_wconf 57' lang='lat'><em>„</em></span> <span class='ocrx_word' id='word_1_74' title='bbox 166 1422 234 1483; x_wconf 89' lang='lat' dir='ltr'><strong>Uno</strong></span> <span class='ocrx_word' id='word_1_75' title='bbox 249 1422 306 1482; x_wconf 93' lang='lat' dir='ltr'><strong>sed</strong></span> <span class='ocrx_word' id='word_1_76' title='bbox 319 1423 376 1483; x_wconf 89' lang='lat' dir='ltr'><strong>tibi</strong></span> <span class='ocrx_word' id='word_1_77' title='bbox 390 1424 446 1482; x_wconf 87' lang='lat' dir='ltr'><strong>sim</strong></span> <span class='ocrx_word' id='word_1_78' title='bbox 459 1425 558 1482; x_wconf 89' lang='lat' dir='ltr'><strong>minor</strong></span> <span class='ocrx_word' id='word_1_79' title='bbox 573 1418 701 1482; x_wconf 80' lang='lat' dir='ltr'><strong>Catullo.</strong></span> <span class='ocrx_word' id='word_1_80' title='bbox 788 1427 790 1432; x_wconf 86' lang='lat'>&#39;</span> 
     </span>
    </p>
   </div>
   <div class='ocr_carea' id='block_1_3' title="bbox 531 1554 663 1616">
    <p class='ocr_par' dir='ltr' id='par_1_8' title="bbox 531 1554 663 1616">
     <span class='ocr_line' id='line_1_16' title="bbox 531 1554 663 1616; baseline 0.008 -1"><span class='ocrx_word' id='word_1_81' title='bbox 531 1554 663 1616; x_wconf 83' lang='lat' dir='ltr'><strong>LXXIX.</strong></span> 
     </span>
    </p>
   </div>
   <div class='ocr_carea' id='block_1_4' title="bbox 61 1666 1008 2498">
    <p class='ocr_par' dir='ltr' id='par_1_9' title="bbox 61 1666 1008 2498">
     <span class='ocr_line' id='line_1_17' title="bbox 61 1666 1000 1749; baseline 0.001 -20"><span class='ocrx_word' id='word_1_82' title='bbox 61 1740 64 1745; x_wconf 25' lang='grc' dir='ltr'>Ι</span> <span class='ocrx_word' id='word_1_83' title='bbox 166 1667 216 1729; x_wconf 85' lang='lat' dir='ltr'><strong>Ad</strong></span> <span class='ocrx_word' id='word_1_84' title='bbox 229 1666 361 1749; x_wconf 88' lang='lat' dir='ltr'><strong>lapidem</strong></span> <span class='ocrx_word' id='word_1_85' title='bbox 375 1667 656 1747; x_wconf 82' lang='lat' dir='ltr'><strong>Torquatnshabet</strong></span> <span class='ocrx_word' id='word_1_86' title='bbox 670 1669 824 1748; x_wconf 86' lang='lat' dir='ltr'><strong>praetoria</strong></span> <span class='ocrx_word' id='word_1_87' title='bbox 839 1676 1000 1748; x_wconf 67' lang='lat' dir='ltr'><strong>quartum</strong></span> 
     </span>
     <span class='ocr_line' id='line_1_18' title="bbox 209 1749 849 1830; baseline 0.005 -20"><span class='ocrx_word' id='word_1_88' title='bbox 209 1750 257 1811; x_wconf 81' lang='lat' dir='ltr'><strong>Ad</strong></span> <span class='ocrx_word' id='word_1_89' title='bbox 272 1756 410 1830; x_wconf 89' lang='lat' dir='ltr'><strong>quartum</strong></span> <span class='ocrx_word' id='word_1_90' title='bbox 424 1753 518 1812; x_wconf 83' lang='lat' dir='ltr'><strong>breve</strong></span> <span class='ocrx_word' id='word_1_91' title='bbox 534 1771 586 1812; x_wconf 92' lang='lat' dir='ltr'><strong>rus</strong></span> <span class='ocrx_word' id='word_1_92' title='bbox 601 1753 675 1812; x_wconf 92' lang='lat' dir='ltr'><strong>emit</strong></span> <span class='ocrx_word' id='word_1_93' title='bbox 691 1749 849 1825; x_wconf 79' lang='lat' dir='ltr'><strong>Otacilius.</strong></span> 
     </span>
     <span class='ocr_line' id='line_1_19' title="bbox 168 1833 939 1914; baseline 0 -19"><span class='ocrx_word' id='word_1_94' title='bbox 168 1835 342 1913; x_wconf 85' lang='lat' dir='ltr'><strong>Torquatus</strong></span> <span class='ocrx_word' id='word_1_95' title='bbox 357 1833 469 1895; x_wconf 86' lang='lat' dir='ltr'><strong>nitidas</strong></span> <span class='ocrx_word' id='word_1_96' title='bbox 482 1837 565 1895; x_wconf 82' lang='lat' dir='ltr'><strong>vario</strong></span> <span class='ocrx_word' id='word_1_97' title='bbox 585 1833 623 1895; x_wconf 92' lang='lat' dir='ltr'><strong>de</strong></span> <span class='ocrx_word' id='word_1_98' title='bbox 638 1854 788 1895; x_wconf 87' lang='lat' dir='ltr'><strong>marmore</strong></span> <span class='ocrx_word' id='word_1_99' title='bbox 803 1835 939 1914; x_wconf 89' lang='lat' dir='ltr'><strong>thermas</strong></span> 
     </span>
     <span class='ocr_line' id='line_1_20' title="bbox 208 1918 800 1992; baseline 0.003 -14"><span class='ocrx_word' id='word_1_100' title='bbox 208 1919 364 1992; x_wconf 80' lang='lat' dir='ltr'><strong>Extrnxit3</strong></span> <span class='ocrx_word' id='word_1_101' title='bbox 386 1937 538 1979; x_wconf 86' lang='lat' dir='ltr'><strong>cucumam</strong></span> <span class='ocrx_word' id='word_1_102' title='bbox 552 1919 628 1979; x_wconf 86' lang='lat' dir='ltr'><strong>fecit</strong></span> <span class='ocrx_word' id='word_1_103' title='bbox 642 1918 800 1980; x_wconf 85' lang='lat' dir='ltr'><strong>Otacilius.</strong></span> 
     </span>
     <span class='ocr_line' id='line_1_21' title="bbox 145 2001 1008 2088; baseline 0 -25"><span class='ocrx_word' id='word_1_104' title='bbox 145 2002 325 2081; x_wconf 83' lang='lat' dir='ltr'><strong>5Dlsposnit</strong></span> <span class='ocrx_word' id='word_1_105' title='bbox 338 2001 498 2080; x_wconf 86' lang='lat' dir='ltr'><strong>daphnona</strong></span> <span class='ocrx_word' id='word_1_106' title='bbox 511 2021 564 2061; x_wconf 89' lang='lat' dir='ltr'><strong>suo</strong></span> <span class='ocrx_word' id='word_1_107' title='bbox 583 2003 756 2080; x_wconf 84' lang='lat' dir='ltr'><strong>Torquatus</strong></span> <span class='ocrx_word' id='word_1_108' title='bbox 772 2005 805 2062; x_wconf 90' lang='lat' dir='ltr'><strong>ln</strong></span> <span class='ocrx_word' id='word_1_109' title='bbox 819 2021 913 2088; x_wconf 79' lang='lat' dir='ltr'><strong>agr03</strong></span> <span class='ocrx_word' id='word_1_110' title='bbox 952 2056 955 2061; x_wconf 90' lang='lat'><em>.</em></span> <span class='ocrx_word' id='word_1_111' title='bbox 1002 2038 1008 2080; x_wconf 89' lang='lat'><strong>.·</strong></span> 
     </span>
     <span class='ocr_line' id='line_1_22' title="bbox 208 2085 845 2146; baseline 0.003 -3"><span class='ocrx_word' id='word_1_112' title='bbox 208 2085 371 2144; x_wconf 81' lang='lat' dir='ltr'><strong>Castaneas</strong></span> <span class='ocrx_word' id='word_1_113' title='bbox 387 2091 507 2144; x_wconf 88' lang='lat' dir='ltr'><strong>eentum</strong></span> <span class='ocrx_word' id='word_1_114' title='bbox 521 2086 599 2145; x_wconf 85' lang='lat' dir='ltr'><strong>sevit</strong></span> <span class='ocrx_word' id='word_1_115' title='bbox 612 2085 767 2146; x_wconf 86' lang='lat' dir='ltr'><strong>Otacilius.</strong></span> <span class='ocrx_word' id='word_1_116' title='bbox 842 2114 845 2119; x_wconf 95' lang='lat'>·</span> 
     </span>
     <span class='ocr_line' id='line_1_23' title="bbox 170 2163 890 2248; baseline 0 -20"><span class='ocrx_word' id='word_1_117' title='bbox 170 2166 303 2228; x_wconf 83' lang='lat' dir='ltr'><strong>Consule</strong></span> <span class='ocrx_word' id='word_1_118' title='bbox 317 2167 474 2244; x_wconf 82' lang='lat' dir='ltr'><strong>Torquato</strong></span> <span class='ocrx_word' id='word_1_119' title='bbox 488 2169 546 2227; x_wconf 88' lang='lat' dir='ltr'><strong>vici</strong></span> <span class='ocrx_word' id='word_1_120' title='bbox 562 2169 623 2227; x_wconf 89' lang='lat' dir='ltr'><strong>fuit</strong></span> <span class='ocrx_word' id='word_1_121' title='bbox 635 2168 688 2228; x_wconf 93' lang='lat' dir='ltr'><strong>ille</strong></span> <span class='ocrx_word' id='word_1_122' title='bbox 703 2169 864 2248; x_wconf 76' lang='lat' dir='ltr'><strong>magister,</strong></span> <span class='ocrx_word' id='word_1_123' title='bbox 887 2163 890 2169; x_wconf 69' lang='grc'><em>’</em></span> 
     </span>
     <span class='ocr_line' id='line_1_24' title="bbox 209 2250 845 2314; baseline 0.005 -4"><span class='ocrx_word' id='word_1_124' title='bbox 209 2250 276 2310; x_wconf 87' lang='grc' dir='ltr'>Νοιι</span> <span class='ocrx_word' id='word_1_125' title='bbox 290 2252 388 2310; x_wconf 89' lang='lat' dir='ltr'><strong>minor</strong></span> <span class='ocrx_word' id='word_1_126' title='bbox 402 2252 435 2310; x_wconf 90' lang='lat' dir='ltr'><strong>in</strong></span> <span class='ocrx_word' id='word_1_127' title='bbox 451 2257 535 2310; x_wconf 90' lang='lat' dir='ltr'><strong>tanto</strong></span> <span class='ocrx_word' id='word_1_128' title='bbox 550 2253 630 2311; x_wconf 86' lang='lat' dir='ltr'><strong>visus</strong></span> <span class='ocrx_word' id='word_1_129' title='bbox 645 2252 763 2312; x_wconf 90' lang='lat' dir='ltr'><strong>honore</strong></span> <span class='ocrx_word' id='word_1_130' title='bbox 777 2253 845 2314; x_wconf 86' lang='lat' dir='ltr'><strong>sibl.</strong></span> 
     </span>
     <span class='ocr_line' id='line_1_25' title="bbox 166 2331 925 2417; baseline 0.001 -22"><span class='ocrx_word' id='word_1_131' title='bbox 166 2331 298 2395; x_wconf 80' lang='lat' dir='ltr'><strong>Grandis</strong></span> <span class='ocrx_word' id='word_1_132' title='bbox 311 2341 346 2395; x_wconf 90' lang='lat' dir='ltr'><strong>ut</strong></span> <span class='ocrx_word' id='word_1_133' title='bbox 359 2335 495 2412; x_wconf 78' lang='lat' dir='ltr'><strong>exiguam</strong></span> <span class='ocrx_word' id='word_1_134' title='bbox 509 2335 566 2397; x_wconf 89' lang='lat' dir='ltr'><strong>bos</strong></span> <span class='ocrx_word' id='word_1_135' title='bbox 577 2355 680 2395; x_wconf 85' lang='lat' dir='ltr'><strong>ranam</strong></span> <span class='ocrx_word' id='word_1_136' title='bbox 695 2342 821 2415; x_wconf 84' lang='lat' dir='ltr'><strong>ruperat</strong></span> <span class='ocrx_word' id='word_1_137' title='bbox 835 2335 925 2417; x_wconf 90' lang='lat' dir='ltr'><strong>olim,</strong></span> 
     </span>
     <span class='ocr_line' id='line_1_26' title="bbox 124 2417 898 2498; baseline 0.004 -21"><span class='ocrx_word' id='word_1_138' title='bbox 124 2427 157 2477; x_wconf 91' lang='lat'><strong>10</strong></span> <span class='ocrx_word' id='word_1_139' title='bbox 206 2417 272 2495; x_wconf 90' lang='lat' dir='ltr'><strong>Sic,</strong></span> <span class='ocrx_word' id='word_1_140' title='bbox 291 2425 383 2498; x_wconf 90' lang='lat' dir='ltr'><strong>puto,</strong></span> <span class='ocrx_word' id='word_1_141' title='bbox 403 2419 578 2498; x_wconf 84' lang='lat' dir='ltr'><strong>Torquatus</strong></span> <span class='ocrx_word' id='word_1_142' title='bbox 591 2419 898 2498; x_wconf 83' lang='lat' dir='ltr'><strong>rumpetOtacilium.</strong></span> 
     </span>
    </p>
   </div>
   <div class='ocr_carea' id='block_1_5' title="bbox 533 2552 653 2615">
    <p class='ocr_par' dir='ltr' id='par_1_10' title="bbox 533 2552 653 2615">
     <span class='ocr_line' id='line_1_27' title="bbox 533 2552 653 2615; baseline 0.017 -2"><span class='ocrx_word' id='word_1_143' title='bbox 533 2552 653 2615; x_wconf 85' lang='lat' dir='ltr'><strong>LXXX.</strong></span> 
     </span>
    </p>
   </div>
   <div class='ocr_carea' id='block_1_6' title="bbox 94 2660 1077 3142">
    <p class='ocr_par' dir='ltr' id='par_1_11' title="bbox 94 2660 1077 3142">
     <span class='ocr_line' id='line_1_28' title="bbox 130 2660 1077 2741; baseline 0.006 -20"><span class='ocrx_word' id='word_1_144' title='bbox 130 2660 134 2669; x_wconf 75' lang='grc'><strong>“</strong></span> <span class='ocrx_word' id='word_1_145' title='bbox 165 2662 270 2721; x_wconf 86' lang='lat' dir='ltr'><strong>Plorat</strong></span> <span class='ocrx_word' id='word_1_146' title='bbox 283 2663 377 2740; x_wconf 83' lang='lat' dir='ltr'><strong>Eros,</strong></span> <span class='ocrx_word' id='word_1_147' title='bbox 399 2666 540 2740; x_wconf 87' lang='lat' dir='ltr'><strong>quotiens</strong></span> <span class='ocrx_word' id='word_1_148' title='bbox 553 2663 724 2724; x_wconf 82' lang='lat' dir='ltr'><strong>maculosae</strong></span> <span class='ocrx_word' id='word_1_149' title='bbox 737 2661 847 2741; x_wconf 90' lang='lat' dir='ltr'><strong>pocula</strong></span> <span class='ocrx_word' id='word_1_150' title='bbox 861 2684 986 2726; x_wconf 83' lang='lat' dir='ltr'><strong>murrae</strong></span> <span class='ocrx_word' id='word_1_151' title='bbox 1074 2732 1077 2736; x_wconf 63' lang='grc'>,</span> 
     </span>
     <span class='ocr_line' id='line_1_29' title="bbox 206 2746 875 2825; baseline 0.001 -22"><span class='ocrx_word' id='word_1_152' title='bbox 206 2746 346 2823; x_wconf 83' lang='lat' dir='ltr'><strong>Inspicit,</strong></span> <span class='ocrx_word' id='word_1_153' title='bbox 367 2754 418 2805; x_wconf 91' lang='lat' dir='ltr'><strong>aut</strong></span> <span class='ocrx_word' id='word_1_154' title='bbox 431 2765 544 2825; x_wconf 90' lang='lat' dir='ltr'><strong>pueros</strong></span> <span class='ocrx_word' id='word_1_155' title='bbox 558 2747 728 2808; x_wconf 86' lang='lat' dir='ltr'><strong>nobiliusve</strong></span> <span class='ocrx_word' id='word_1_156' title='bbox 748 2748 875 2823; x_wconf 87' lang='lat' dir='ltr'><strong>citrum,</strong></span> 
     </span>
     <span class='ocr_line' id='line_1_30' title="bbox 164 2828 994 2919; baseline 0.004 -30"><span class='ocrx_word' id='word_1_157' title='bbox 164 2828 206 2889; x_wconf 86' lang='lat' dir='ltr'><strong>Et</strong></span> <span class='ocrx_word' id='word_1_158' title='bbox 221 2829 349 2907; x_wconf 83' lang='lat' dir='ltr'><strong>gemitus</strong></span> <span class='ocrx_word' id='word_1_159' title='bbox 365 2828 424 2888; x_wconf 91' lang='lat' dir='ltr'><strong>imo</strong></span> <span class='ocrx_word' id='word_1_160' title='bbox 440 2829 523 2890; x_wconf 90' lang='lat' dir='ltr'><strong>ducit</strong></span> <span class='ocrx_word' id='word_1_161' title='bbox 538 2830 576 2890; x_wconf 91' lang='lat' dir='ltr'><strong>de</strong></span> <span class='ocrx_word' id='word_1_162' title='bbox 593 2837 736 2911; x_wconf 87' lang='lat' dir='ltr'><strong>pectore,</strong></span> <span class='ocrx_word' id='word_1_163' title='bbox 759 2829 841 2908; x_wconf 89' lang='lat' dir='ltr'><strong>quod</strong></span> <span class='ocrx_word' id='word_1_164' title='bbox 853 2848 916 2891; x_wconf 89' lang='lat' dir='ltr'><strong>non</strong></span> <span class='ocrx_word' id='word_1_165' title='bbox 988 2898 994 2919; x_wconf 25' lang='grc' dir='ltr'><strong>ἢ</strong></span> 
     </span>
     <span class='ocr_line' id='line_1_31' title="bbox 94 2910 934 2992; baseline 0.008 -22"><span class='ocrx_word' id='word_1_166' title='bbox 94 2945 96 2947; x_wconf 57' lang='lat'>&gt;</span> <span class='ocrx_word' id='word_1_167' title='bbox 207 2910 287 2972; x_wconf 73' lang='lat' dir='ltr'><strong>&#39;l&#39;ota</strong></span> <span class='ocrx_word' id='word_1_168' title='bbox 300 2913 393 2970; x_wconf 89' lang='lat' dir='ltr'><strong>miser</strong></span> <span class='ocrx_word' id='word_1_169' title='bbox 408 2913 525 2971; x_wconf 75' lang='lat' dir='ltr'><strong>codmat</strong></span> <span class='ocrx_word' id='word_1_170' title='bbox 538 2912 632 2992; x_wconf 80' lang='lat' dir='ltr'><strong>Septa</strong></span> <span class='ocrx_word' id='word_1_171' title='bbox 648 2914 788 2991; x_wconf 85' lang='lat' dir='ltr'><strong>feratque</strong></span> <span class='ocrx_word' id='word_1_172' title='bbox 803 2912 934 2981; x_wconf 88' lang='lat' dir='ltr'><strong>domum.</strong></span> 
     </span>
     <span class='ocr_line' id='line_1_32' title="bbox 143 2993 1045 3075; baseline 0.002 -17"><span class='ocrx_word' id='word_1_173' title='bbox 143 2995 262 3072; x_wconf 68' lang='lat' dir='ltr'><strong>§Quam</strong></span> <span class='ocrx_word' id='word_1_174' title='bbox 276 2993 363 3054; x_wconf 87' lang='lat' dir='ltr'><strong>multi</strong></span> <span class='ocrx_word' id='word_1_175' title='bbox 377 2994 508 3071; x_wconf 85' lang='lat' dir='ltr'><strong>iaciunt,</strong></span> <span class='ocrx_word' id='word_1_176' title='bbox 531 2995 614 3074; x_wconf 91' lang='lat' dir='ltr'><strong>quod</strong></span> <span class='ocrx_word' id='word_1_177' title='bbox 628 2997 722 3075; x_wconf 82' lang='lat' dir='ltr'><strong>Eros,</strong></span> <span class='ocrx_word' id='word_1_178' title='bbox 744 2995 800 3057; x_wconf 91' lang='lat' dir='ltr'><strong>sed</strong></span> <span class='ocrx_word' id='word_1_179' title='bbox 812 2995 928 3059; x_wconf 88' lang='lat' dir='ltr'><strong>lumine</strong></span> <span class='ocrx_word' id='word_1_180' title='bbox 944 2997 1045 3060; x_wconf 86' lang='lat' dir='ltr'><strong>sicco!</strong></span> 
     </span>
     <span class='ocr_line' id='line_1_33' title="bbox 205 3076 897 3142; baseline 0.003 -4"><span class='ocrx_word' id='word_1_181' title='bbox 205 3079 280 3138; x_wconf 87' lang='lat' dir='ltr'><strong>Pars</strong></span> <span class='ocrx_word' id='word_1_182' title='bbox 294 3079 390 3137; x_wconf 88' lang='lat' dir='ltr'><strong>maior</strong></span> <span class='ocrx_word' id='word_1_183' title='bbox 402 3076 543 3138; x_wconf 86' lang='lat' dir='ltr'><strong>lacrimas</strong></span> <span class='ocrx_word' id='word_1_184' title='bbox 557 3078 640 3138; x_wconf 87' lang='lat' dir='ltr'><strong>ridet</strong></span> <span class='ocrx_word' id='word_1_185' title='bbox 654 3086 687 3140; x_wconf 91' lang='lat' dir='ltr'><strong>et</strong></span> <span class='ocrx_word' id='word_1_186' title='bbox 699 3082 781 3140; x_wconf 88' lang='lat' dir='ltr'><strong>intus</strong></span> <span class='ocrx_word' id='word_1_187' title='bbox 795 3083 897 3142; x_wconf 91' lang='lat' dir='ltr'><strong>habet.</strong></span> 
     </span>
    </p>
   </div>
   <div class='ocr_carea' id='block_1_7' title="bbox 549 3212 681 3274">
    <p class='ocr_par' dir='ltr' id='par_1_12' title="bbox 549 3212 681 3274">
     <span class='ocr_line' id='line_1_34' title="bbox 549 3212 681 3274; baseline -0.015 0"><span class='ocrx_word' id='word_1_188' title='bbox 549 3212 681 3274; x_wconf 89' lang='lat' dir='ltr'><strong>LXXXl.</strong></span> 
     </span>
    </p>
   </div>
   <div class='ocr_carea' id='block_1_8' title="bbox 145 3324 939 3492">
    <p class='ocr_par' dir='ltr' id='par_1_13' title="bbox 145 3324 939 3492">
     <span class='ocr_line' id='line_1_35' title="bbox 164 3324 939 3404; baseline 0.005 -18"><span class='ocrx_word' id='word_1_189' title='bbox 164 3326 239 3386; x_wconf 82' lang='lat' dir='ltr'><strong>Cum</strong></span> <span class='ocrx_word' id='word_1_190' title='bbox 256 3325 314 3384; x_wconf 90' lang='lat' dir='ltr'><strong>duo</strong></span> <span class='ocrx_word' id='word_1_191' title='bbox 329 3328 484 3386; x_wconf 87' lang='lat' dir='ltr'><strong>venisseut</strong></span> <span class='ocrx_word' id='word_1_192' title='bbox 498 3326 536 3386; x_wconf 92' lang='lat' dir='ltr'><strong>ad</strong></span> <span class='ocrx_word' id='word_1_193' title='bbox 550 3324 691 3404; x_wconf 84' lang='lat' dir='ltr'><strong>Phyllida</strong></span> <span class='ocrx_word' id='word_1_194' title='bbox 705 3338 792 3387; x_wconf 81' lang='lat' dir='ltr'><strong>mane</strong></span> <span class='ocrx_word' id='word_1_195' title='bbox 805 3327 939 3390; x_wconf 82' lang='lat' dir='ltr'><strong>fututam</strong></span> 
     </span>
     <span class='ocr_line' id='line_1_36' title="bbox 145 3407 908 3492; baseline -0.001 -19"><span class='ocrx_word' id='word_1_196' title='bbox 145 3464 150 3473; x_wconf 88' lang='lat'><strong><em>.</em></strong></span> <span class='ocrx_word' id='word_1_197' title='bbox 203 3410 244 3469; x_wconf 87' lang='lat' dir='ltr'><strong>Et</strong></span> <span class='ocrx_word' id='word_1_198' title='bbox 257 3407 368 3469; x_wconf 86' lang='lat' dir='ltr'><strong>nudam</strong></span> <span class='ocrx_word' id='word_1_199' title='bbox 382 3416 510 3490; x_wconf 85' lang='lat' dir='ltr'><strong>cuperet</strong></span> <span class='ocrx_word' id='word_1_200' title='bbox 523 3427 643 3470; x_wconf 87' lang='lat' dir='ltr'><strong>sumere</strong></span> <span class='ocrx_word' id='word_1_201' title='bbox 660 3415 791 3490; x_wconf 87' lang='lat' dir='ltr'><strong>uterque</strong></span> <span class='ocrx_word' id='word_1_202' title='bbox 803 3413 908 3492; x_wconf 88' lang='lat' dir='ltr'><strong>prior,</strong></span> 
     </span>
    </p>
   </div>
   <div class='ocr_carea' id='block_1_9' title="bbox 0 0 1136 3786">
    <p class='ocr_par' dir='ltr' id='par_1_14' title="bbox 0 0 1136 3786">
     <span class='ocr_line' id='line_1_37' title="bbox 0 0 1136 3786; baseline 0 0"><span class='ocrx_word' id='word_1_203' title='bbox 0 0 1136 3786; x_wconf 95' lang='lat' dir='ltr'><strong> </strong></span> 
     </span>
    </p>
   </div>
  </div>
 </body>
</html>
