2264 3786
287 233 620 296 EPIGRAMMATON
633 235 706 299 LlB.
721 236 743 297 l.

62 389 166 448 5Ante
180 387 266 447 iores
281 392 412 446 stantem
427 385 546 447 dubitas
563 387 726 448 admittere
739 389 862 460 Famam

126 471 237 549 Teque
252 471 339 550 piget
356 489 447 529 curae
462 471 598 550 praemia
611 471 696 530 ferre
711 473 805 530 tuae?

82 557 160 614 Post
171 560 204 613 te
221 555 357 613 victurae
371 559 474 632 perte
489 571 609 631 quoqne
624 555 727 614 uivere
743 556 867 615 chartac
943 544 947 559 ¹

126 639 291 718 Incipiunt:
313 637 413 696 cineri
427 635 526 714 gloria
541 644 611 696 sera
624 639 716 697 venit.

462 748 570 812 xxvi.
606 727 619 824 ᾗ

42 880 48 889 =
63 841 72 856 '
85 843 274 924 Sextiliane,
294 847 374 906 bibis
389 851 532 925 quantum
546 844 691 907 subsellia
706 849 841 927 quinque

128 928 237 991 Solus:
256 949 333 1007 aqua
345 931 460 989 totiens
476 930 580 989 ebrius
595 947 664 989 esse
677 942 783 1010 potes,

41 1076 43 1081 ,
83 1014 148 1075 Nec
163 1031 377 1074 consessorum
392 1014 490 1072 vicina
503 1015 681 1073 nomismata
693 1020 825 1093 tantum,

125 1099 208 1158 Aera
222 1095 279 1156 sed
293 1118 310 1156 a
324 1097 428 1157 cuneis
443 1095 592 1157 ulteriora
605 1098 694 1159 bibis.

63 1181 153 1243 5Non
167 1183 244 1241 haec
258 1180 394 1257 Pelignis
408 1181 507 1259 agitur
520 1179 672 1240 vindemia
687 1182 801 1261 praelis

126 1267 193 1326 Uva
205 1283 263 1324 nec
277 1266 310 1324 in
326 1265 435 1324 Tuscis
449 1264 585 1324 nascitur
600 1265 660 1327 ista
674 1266 768 1344 iugis,
858 1291 861 1295 ’

30 1352 33 1357 ’
84 1349 182 1409 Testa
194 1346 251 1409 sed
266 1348 383 1426 antiqui
395 1346 471 1408 felix
488 1348 619 1407 siccatur
634 1349 753 1428 Opimi,

124 1433 233 1511 Egerit
247 1439 280 1491 et
292 1432 397 1510 nigros
410 1431 543 1491 Massica
554 1429 634 1491 cella
649 1432 750 1493 cados.

83 1519 108 1579 A
126 1534 243 1595 copone
259 1516 316 1576 tibi
332 1515 402 1575 iaex
414 1515 561 1575 Laletana
577 1522 717 1595 petatur,

40 1612 76 1663 10
125 1599 158 1659 Si
173 1598 243 1679 plus
261 1619 349 1678 quam
364 1597 506 1677 deciens,
528 1598 711 1678 Sextilium,
732 1602 822 1662 bibis.

383 1705 388 1715 “
454 1710 576 1772 XXVII.
613 1736 616 1743 ·

79 1812 240 1871 -Hesterna
252 1811 310 1870 tibi
324 1815 415 1869 nocte
430 1809 617 1887 dixeramus,

83 1896 277 1971 Quincunces
288 1901 366 1973 'puto
381 1901 453 1974 post
466 1892 573 1952 decem
588 1899 748 1973 peractos,
860 1898 886 1972 γ’

84 1974 221 2040 Cenares
236 1978 347 2056 bodie,
367 1975 519 2052 Procilla,
541 1995 668 2038 mecum.
869 1972 889 1999 '⁸

86 2063 135 2122 Tu
152 2063 263 2121 lactum
277 2063 335 2122 tibi
350 2079 417 2120 rem
431 2062 534 2121 statim
546 2063 662 2140 putasti

61 2148 127 2208 ont
140 2165 203 2205 non
216 2147 319 2205 sobria
332 2147 425 2204 verba
439 2146 609 2217 subnotasti

82 2227 232 2309 Exemplo
248 2230 373 2288 nimium
386 2226 575 2309 periculoso:

83 2313 185 2374 Maooi
201 2304 353 2390 μνάμονα
369 2304 557 2390 συμπόταν,
578 2310 724 2372 Procille.

437 2416 581 2507 xxxin

82 2559 238 2617 Hesterno
252 2559 354 2619 fetere
369 2576 454 2617 mero
472 2538 525 2635 qdi
538 2554 639 2614 credit
653 2555 814 2632 Acerram,

33 2705 38 2711 ,
123 2640 274 2701 Fallitur:
295 2644 328 2702 iu
340 2641 440 2701 lucem
455 2658 577 2719 semper
594 2639 711 2699 Acerra
725 2639 813 2700 bibit.
919 2680 923 2687 ,

462 2774 570 2836 XXIX.

82 2887 175 2946 Fama
189 2888 291 2965 refert
304 2894 426 2947 nostros
441 2893 489 2965 te,
503 2887 686 2964 Fidentine,
705 2883 829 2945 libellos

123 2972 194 3030 Non
209 2971 299 3031 aliter
313 2969 427 3052 populo
443 2989 531 3050 quam
546 2973 679 3030 recitare
693 2977 772 3028 tuos.

84 3054 117 3113 Si
131 3073 200 3115 mea
213 3057 258 3115 vis
274 3054 352 3131 dici,
371 3056 465 3132 gratis
480 3055 537 3113 tibi
551 3055 683 3113 carmina
697 3054 828 3111 mittam:
863 3088 865 3093 ,
899 3048 905 3057 ’

126 3137 160 3197 Si
176 3137 239 3198 dici
252 3145 304 3199 tua
319 3141 382 3215 vis,
402 3155 457 3214 en,
480 3155 565 3214 eme,
587 3155 626 3195 ne
640 3154 708 3195 mea
722 3137 792 3195 sint.

399 3336 405 3351 ,
471 3271 564 3332 xxx.

84 3344 253 3466 (lhirnrgus
269 3386 387 3462 fuerat,
408 3386 488 3444 nunc
503 3392 551 3444 cst
564 3382 687 3462 vispillo
701 3379 835 3440 Diaulus.
940 3416 943 3421 -

20 3484 29 3495 ·“
45 3551 102 3613 ΜΔ
127 3470 240 3550 Coepit
256 3489 314 3548 quo
329 3475 452 3550 poterat
466 3467 593 3527 clinicus
609 3485 678 3526 esse
691 3462 794 3526 modo.
823 3545 853 3606 <2

28 3588 32 3594 -
103 3570 149 3612 ur.
450 3578 456 3584 ·
