2264 3786
212 702 219 709 ,
302 625 347 696 Μ.
377 532 480 699 VHL.
504 618 807 702 HARTIALIS‘

168 793 844 904 -orrurrurrrroo

344 970 347 975 ’
416 978 574 1040 LIBER
599 980 649 1042 iv.

522 1164 544 1222 1.

101 1273 244 1335 Caesaris
259 1272 336 1333 alma
350 1271 417 1335 dies
434 1281 467 1335 et
480 1274 551 1335 luce
566 1276 714 1335 sacratior
727 1272 796 1353 illa,

142 1357 272 1418 Conscia
286 1359 444 1419 Dictaeum
460 1378 518 1436 qua
531 1357 603 1419 tulit
615 1357 667 1419 Ha
681 1357 797 1437 iovem,

99 1441 222 1519 Longa,
244 1458 372 1520 precor,
392 1442 542 1522 Pylioque
556 1444 626 1503 veni
640 1444 833 1504 numerosior
847 1463 920 1505 aero

142 1525 272 1604 Semper
287 1532 320 1585 et
333 1526 392 1585 hoc
404 1525 488 1586 voitu
501 1525 550 1586 vel
563 1525 691 1592 meliore
705 1527 780 1587 nite.

81 1611 162 1670 5Hic
178 1606 261 1668 colat
273 1607 391 1669 Albano
407 1609 570 1669 Tritonida
583 1607 696 1669 multus
710 1611 743 1668 iu
757 1630 829 1669 auro

140 1693 265 1771 Perque
279 1712 384 1753 manus
397 1699 497 1752 tantas
511 1691 642 1773 plurima
656 1711 786 1771 quercus
801 1699 867 1767 eat;

101 1776 259 1837 Hie'colat
271 1771 390 1854 iugenti
405 1775 567 1836 redeuntia
582 1773 704 1836 saecula
715 1774 815 1855 lustro

142 1861 183 1921 Et
198 1858 454 1939 quae'Romuleus
469 1879 555 1920 sacra
570 1860 724 1920 Tarentos
739 1859 841 1921 habet.

101 1945 212 2021 Magna
227 1942 366 2023 quidem',
388 1942 515 2024 Superi,
536 1946 684 2024 petimus,
706 1943 762 2004 sed
776 1941 882 2004 debita
894 1947 1003 2005 terris:

66 2039 96 2089 10
140 2028 202 2087 Pro
217 2034 303 2087 tanto
319 2047 395 2109 quae
411 2033 482 2087 sunt
495 2028 634 2108 improba
647 2034 717 2088 vota
731 2026 815 2088 deo?

358 2174 413 2230 ’,
494 2163 551 2222 ΔΙΙ.

104 2276 269 2354 Spectabat
282 2273 371 2334 modo
386 2258 471 2335 ‘solus
485 2277 568 2335 inter
583 2269 687 2335 ornnes

83 2370 91 2378 “
105 2359 205 2437 Nigris
220 2368 328 2418 munus
341 2359 487 2419 Horatius
504 2357 652 2436 lacernis,

106 2442 178 2502 Cum
192 2440 282 2522 plebs
298 2448 329 2501 et
341 2445 440 2503 minor
455 2441 530 2502 ordo
546 2444 751 2518 maximusque

107 2526 215 2585 Sancto
231 2544 299 2585 cum
313 2525 390 2586 duce
406 2524 551 2585 candidus
567 2525 700 2585 sederet.

108 2609 184 2670 Toto
196 2602 251 2670 'nix
265 2610 378 2670 cecidit
391 2614 521 2689 repente
537 2609 638 2668 eaelo:

107 2693 188 2753 Albis
202 2699 323 2772 spectat
336 2695 481 2754 Horatius
493 2692 635 2754 lacernis.

510 2828 558 2889 HI.

109 2939 215 3018 Aspice
232 2959 321 3018 quam
336 2940 462 3000 densum
477 2943 637 3001 tacitarum
650 2941 748 3023 relius
762 2962 907 3021 aquarum

144 3023 267 3083 Defluat
282 3025 315 3082 in
330 3023 428 3083 voltus
443 3024 583 3085 Caesaris
598 3028 691 3106 inque
706 3027 799 3089 sinus.
940 3034 947 3045 '

110 3104 360 3190 Indulgettanreu
375 3106 429 3168 ille
443 3108 523 3186 Iovi,
544 3129 601 3169 nec
615 3112 731 3171 vertice
750 3118 832 3172 moto
869 3167 871 3170 ,

145 3191 314 3250 concretas
326 3194 413 3272 pigro
427 3193 545 3271 frigore
559 3194 642 3254 ridet
657 3212 764 3275 aquas,
903 3244 918 3261 -.
980 3240 985 3245 -
1029 3234 1033 3239 ·

95 3270 195 3335 esicus
208 3275 405 3356 Hyperborei
420 3277 527 3337 solitus
541 3277 656 3340 lassare
670 3280 820 3340 Bootae·
867 3288 881 3343 ’ἴ
939 3308 941 3315 ’
983 3290 1023 3355 {55

56 3450 63 3463 Ι
148 3358 188 3418 Et
200 3358 475 3422 madidisHeiioen
490 3361 801 3475 dissimulem-comio
832 3442 858 3487 ᾖ
885 3438 916 3463 ἱ,

825 3397 890 3439 iila...
914 3420 921 3435 ι
972 3414 979 3439 “,
1000 3418 1004 3425 “
