2264 3786
90 188 150 251 112
408 186 453 253 Μ.
467 188 557 252 vau.
572 187 793 252 uiuamus
899 167 913 223 ⁴.

567 392 633 456 XX.

173 505 205 565 Si
220 511 321 567 tecum
333 507 422 584 mihi,
444 525 513 566 care
528 506 694 584 Martialis,
788 528 790 541 ¹
805 516 809 524 '

173 584 299 650 Seouris·
307 589 401 650 liceat
414 589 476 649 frui
490 590 613 669 diebus,

172 672 205 732 Si
219 673 383 754 disponere
396 677 516 753 tempus
533 676 662 734 otiosum

169 758 211 815 Et
225 776 316 817 verae
329 758 447 837 pariter
459 776 566 816 vacare
580 760 674 817 vitae:

149 840 236 899 5Nee
250 860 305 900 nos
321 842 413 916 atria,
434 859 492 899 nee
507 839 611 900 domos
626 845 800 922 potentum,
871 877 874 886 ·

170 923 198 981 N
200 942 235 981 ee
248 923 320 983 lites
335 925 459 983 tetricas
474 923 635 1002 forumque
647 925 737 982 triste

67 1034 69 1045 ·
172 1006 353 1081 Nossemus,
373 1024 432 1065 uec
444 1007 790 1084 imaginessuperbas;··

172 1086 235 1147 Sed
250 1090 395 1167 gestatio,
414 1087 551 1166 fabulae,
571 1089 688 1166 libelli,

172 1171 319 1252 Campus,
340 1173 495 1250 porticus,¹
513 1175 635 1249 umbra,
656 1175 757 1250 virgo,
776 1173 935 1250 thermae,
954 1218 957 1223 .

130 1254 254 1317 10Haee
270 1262 373 1315 essent
388 1255 456 1314 loeo
469 1274 606 1336 semper,
627 1257 660 1315 hi
672 1256 804 1317 labores.

172 1337 258 1399 Nunc
272 1340 345 1398 vivit
359 1345 488 1399 necuter
502 1341 560 1400 sibi
574 1343 732 1417 bonosque

89 1488 92 1495 ,
172 1420 261 1482 Soles
278 1424 413 1499 effugere
429 1428 519 1502 atque
534 1425 619 1483 abire
633 1425 768 1501 sentit„
891 1439 894 1444 ·
944 1436 948 1442 ·
989 1438 992 1445 ·

172 1507 231 1581 Qui
243 1507 331 1565 nobis
344 1513 475 1586 pereunt
490 1513 521 1566 et
534 1508 728 1586 imputantur.
757 1518 759 1523 “

172 1589 336 1668 Quisquam
350 1591 451 1650 vivere
466 1609 533 1650 eum
547 1592 637 1670 sciat,
659 1588 814 1650 moraturi
938 1617 941 1622 ·

558 1724 637 1788 xxi.

172 1834 316 1910 Quintum
330 1855 386 1916 pro
401 1835 542 1915 Decimo,
563 1855 620 1916 pro
636 1834 764 1912 Crasso,
785 1832 918 1915 Regule3
940 1835 1069 1900 Macrum

212 1919 293 1979 Ante
308 1920 456 1980 salutabat
471 1921 579 1978 rhetor
593 1916 805 1998 Apollodotus.

170 2000 256 2060 Nune
269 2008 431 2079 utrumque
445 2021 499 2061 suo
513 2001 660 2061 resalutat
672 2002 804 2072 uomlue.
838 2000 989 2078 Querulum
1044 2067 1049 2073 ,

214 2084 294 2144 Cura
308 2083 458 2163 laborque
473 2085 591 2165 potest!
621 2085 807 2164 Scripserat,
829 2090 862 2145 et
876 2083 992 2145 didicit.

554 2218 645 2281 XXII.

170 2328 264 2390 Mane
279 2328 360 2391 domi
373 2331 478 2391 uisite
493 2329 575 2392 volui
587 2333 746 2413 meruique
760 2330 881 2410 videre,
975 2334 977 2339 ’

141 2472 144 2477 ,
214 2413 387 2493 sturmini,
402 2414 513 2494 Paule,
532 2423 603 2477 tuae
618 2417 737 2495 lougius
750 2415 935 2495 Esquiliae:-

112 2555 115 2562 .
171 2495 241 2556 Seel
248 2498 429 2559 Tiburtinae
445 2519 509 2560 sum
523 2502 676 2581 proximus
692 2500 793 2560 accola
806 2498 907 2579 pilae,

213 2583 278 2658 Qua
291 2582 375 2642 videt
389 2585 542 2661 antiquum
556 2586 670 2645 rustica
682 2582 776 2645 Flore
788 2584 906 2644 lovem:
985 2631 988 2635 .

147 2663 238 2726 5Alta
252 2665 401 2726 Suburani
414 2668 562 2728 vincenda
576 2675 624 2729 est
637 2669 744 2732 semita
758 2665 827 2729 clivi

211 2748 252 2807 Et
264 2766 415 2826 nunquam
430 2752 511 2810 uioeo
526 2750 649 2810 sordide
663 2749 857 2828 saxagmrlu,
976 2774 981 2804 ι

171 2830 292 2908 Vixque
306 2830 394 2891 datur
408 2830 515 2910 longas
527 2832 675 2893 mulorum
689 2852 833 2912 rumpere
847 2831 990 2893 mandras

214 2914 359 2992 Quaeque
374 2914 455 2974 trahi
470 2914 565 2976 multo
579 2936 728 2976 marmora
741 2917 814 2976 fune
829 2916 952 2979 vides.

170 2995 250 3057 illud
265 2995 362 3057 adhue
375 2999 509 3077 gravius,
532 3000 613 3078 quod
626 3007 659 3060 te
672 3006 743 3080 port
756 3000 843 3061 mille
856 3002 995 3076 labores,

131 3091 164 3143 10
210 3078 322 3159 Paule,
342 3090 434 3159 negat
447 3082 527 3143 lasso
542 3085 653 3145 ianitor
669 3102 736 3144 esse
751 3082 863 3148 domi..
933 3130 936 3135 .
994 3138 998 3143 ,

169 3166 276 3229 Exitus
288 3166 339 3227 hio
355 3168 457 3246 operis
472 3170 541 3228 vani
555 3167 736 3247 togulaeque
750 3168 917 3229 madentis:
1013 3184 1022 3194 ’

210 3249 270 3311 vu
285 3253 364 3310 tarrti
377 3250 504 3312 Paulum
518 3270 606 3312 mane
620 3251 726 3312 videre
743 3253 810 3314 fuit.

164 3331 297 3412 Semper
308 3335 488 3397 inhumanos
501 3337 596 3396 habet
609 3336 762 3396 officiosus
777 3338 903 3396 amieos:
945 3374 948 3381 ·
979 3379 983 3389 -
1007 3390 1010 3398 .

192 3413 278 3496 Iler,
301 3421 366 3485 nisi
382 3420 570 3503 dormieris,
591 3441 656 3484 uon
672 3428 765 3502 potes
779 3435 851 3478 esse
860 3435 961 3474 meus.
