2264 3786
89 202 149 266 ιιι
192 238 194 243 -
407 200 450 264 ιι.
465 196 794 262 neumanensis
905 176 908 193 '

119 353 266 415 {15Lento
282 357 440 412 castaneae
454 371 565 432 vapore
579 357 687 410 tostae.

170 437 282 497 Vinum
295 443 329 494 tu
341 436 437 495 iacies
453 439 563 496 bonum
577 433 720 495 bibendo.
733 478 736 483 .

169 520 243 578 Post
258 520 334 579 haee
348 521 446 579 omnin
459 520 542 579 forte
557 520 583 578 si
596 520 729 577 movebit

63 668 70 682 Ι
170 603 306 662 Bacchus
322 623 409 682 quam
424 600 504 662 solet
518 602 732 680 esuritionem,

170 686 356 747 Succurrent
369 687 426 745 tibi
439 684 558 745 nobiles
574 683 687 762 olivae,

127 769 273 830 20Pieeni
287 768 375 835 modo
392 779 464 848 q'uas
478 767 580 828 tulero
598 769 688 843 rami,

119 894 122 900 -
169 854 210 912 Et
224 854 347 912 fervens
362 853 444 911 cicer
458 857 492 911 et
503 858 613 930 tepens
626 849 758 928 lupinus.

148 1002 152 1009 ¹
170 937 266 996 Parra
280 941 329 995 est
343 932 467 1011 oennls,
480 967 523 981 -
537 935 606 1012 quis
617 939 721 1011 potest
733 935 870 1012 negare?
882 968 926 979 -

170 1017 233 1078 Sed
245 1019 341 1096 finges
356 1015 434 1076 nihil
448 1016 590 1076 audiesve
603 1017 706 1075 fiotum

95 1158 98 1163 .
169 1103 210 1164 Et
225 1099 309 1160 voltu
322 1099 458 1180 placidus
471 1106 524 1159 tuo
539 1100 715 1170 recumbes3

128 1186 231 1258 2ρΝεο
246 1179 378 1244 orasau'm
391 1181 530 1244 dominus
543 1182 629 1260 leget
639 1181 797 1261 volumen,
876 1218 879 1224 ·
949 1194 955 1216 “

168 1268 232 1328 Neo
248 1267 286 1327 de
301 1267 435 1328 Gadibus
448 1268 595 1347 improbis
608 1264 730 1345 puellae

169 1352 340 1414 Vibrabunt
354 1352 420 1411 sine
434 1351 496 1410 fine
511 1351 686 1430 prurientes

168 1436 307 1508 Lascivos
324 1432 415 1494 docili
431 1441 566 1499 tremore
581 1432 716 1508 lumbos3

168 1518 232 1578 Sed
249 1517 329 1597 quod
343 1537 404 1576 non
419 1535 510 1596 grave
525 1519 566 1577 sit
581 1535 640 1576 neo
653 1517 834 1594 infacetum,

130 1613 165 1666 30
171 1603 260 1662 Parvi
275 1603 349 1676 tibia
364 1599 489 1680 condyli
504 1601 632 1660 sonabit.

168 1687 252 1746 liaeo
268 1691 315 1745 est
330 1684 445 1746 cenula.
471 1683 627 1745 claudiam
642 1684 796 1762 sequeris,

168 1771 262 1848 Quam
275 1770 363 1830 nobis
379 1771 463 1850 nupia
478 1787 546 1828 esre
559 1774 594 1826 tu
605 1768 749 1848 priorem.

530 1901 663 1963 LXXIX.

165 2011 341 2074 Undeciens
353 2030 412 2071 nna
426 2014 574 2088 surrenti,
595 2010 701 2087 Zosse,
717 2029 806 2090 cona,

205 2096 246 2157 nt
260 2100 374 2154 mutata
384 2096 442 2154 tibi
455 2103 504 2155 est
517 2095 670 2174 synthesis
684 2095 867 2171 undeciens,

167 2176 266 2240 Sudor
280 2179 457 2238 inhaereret
470 2177 590 2239 madida
603 2197 642 2238 ne
655 2184 741 2238 verte
755 2184 895 2239 retentus

207 2263 249 2323 Et
263 2260 361 2323 laxum
374 2263 475 2321 tenuis
489 2260 629 2322 laederet
643 2281 714 2322 aura
728 2267 837 2323 eutem.
919 2294 921 2298 ·

146 2348 270 2425 equare
285 2365 341 2425 ego
356 2365 417 2405 non
432 2345 523 2425 sudo,
545 2347 596 2426 qui
611 2352 727 2424 tecum,
749 2343 855 2423 Zoile,
878 2345 977 2404 ceno?

205 2431 315 2510 Frigus
330 2432 410 2491 enim
424 2449 562 2510 magnum
576 2429 729 2510 synthesis
742 2448 802 2489 unu
815 2420 897 2489 facit.

531 2564 651 2630 LXXX.

113 2670 116 2675 ’
164 2676 232 2736 Non
247 2681 340 2736 totam
355 2677 446 2755 mihi,
470 2680 495 2738 si
509 2679 642 2756 vocabit,
662 2680 784 2755 horam,

165 2759 267 2819 Dones
282 2766 314 2818 et
327 2757 404 2818 licet
416 2761 546 2839 imputes
561 2761 691 2839 Severe,

164 2843 241 2903 Dum
255 2847 374 2902 nostras
389 2840 465 2920 legis
480 2845 635 2922 exigisque
649 2862 752 2921 nugas.

164 2926 299 3006 „Durum
314 2932 361 2986 est
375 2924 508 3004 perdere
522 2927 653 2985 ferias“:
674 2944 829 3004 rogamus,

144 3005 313 3074 tincturam
326 3009 452 3088 potiaris
465 3009 543 3068 hane
557 3008 710 3087 ferasque.

163 3093 291 3172 Quodsi
307 3092 421 3171 legeris
435 3093 502 3172 ipse
518 3112 584 3152 cum
599 3091 715 3152 diserto

162 3210 205 3222 -
219 3175 441 3256 Sednurnquid
458 3195 559 3235 sumus
572 3177 725 3253 improbi?
739 3210 777 3220 -
794 3176 953 3254 Secundo,

162 3260 235 3321 Plus
250 3259 343 3321 multo
358 3262 415 3321 tibi
435 3259 593 3320 debiturus
607 3259 658 3318 hio
672 3264 734 3335 est,
986 3258 990 3265 '

163 3345 258 3419 Quam
273 3343 367 3405 debet
381 3342 501 3404 domino
517 3362 570 3403 suo
585 3340 718 3403 libellus.

124 3426 236 3488 10Num
252 3447 377 3488 securus
391 3430 466 3506 erit,
487 3446 544 3489 neo
558 3427 694 3505 inquieta
792 3458 795 3463 ,
894 3423 904 3479 i
