2264 3786
91 187 186 283 252¹
263 210 267 222 ·
319 278 321 283 s
406 142 794 247 burnunculum
897 190 900 195 ·

551 320 653 395 xero.

173 431 206 490 Si
220 431 305 509 prior
318 429 490 508 Euganeas,
512 425 672 504 Clemens,
693 425 871 488 Helicaonis
888 448 964 490 oras

213 514 359 591 Pictaque
372 512 540 593 pampineis
554 509 667 585 videris
680 530 749 570 arva
765 511 861 589 iugis,

172 596 282 657 Perfer
296 598 454 657 Atestinae
468 593 601 654 nondam
614 590 735 682 vulgata
751 593 883 655 Sabinae
933 641 939 655 ,

215 680 373 755 Carmina,
394 696 549 760 purpurea
563 676 619 737 sed
632 675 722 736 modo
738 675 820 736 culta
834 685 917 758 toga.

153 765 217 826 oUt
231 783 301 824 rosa
315 762 464 840 delectat,
485 761 612 821 metitur
625 778 701 838 quae
716 759 830 840 pollice
846 764 971 842 primo,

214 847 264 907 Sic
280 867 356 906 nova
369 865 427 907 nec
440 851 543 906 mento
559 843 682 904 sordida
697 845 801 904 charta
813 845 906 908 iuvat.

172 1059 241 1131 Non
254 1075 321 1116 mea
334 1054 487 1136 Massylus
504 959 753 1137 serlactlgomarn
766 1074 916 1137 serpena,
948 1035 950 1038 Α

213 1141 327 1218 Regius
342 1140 463 1200 Alcinoi
476 1160 534 1201 nec
549 1142 624 1200 milri
637 1144 732 1202 servit
746 1159 834 1219 ager,

174 1222 237 1283 Sed
250 1225 438 1284 Nomentana
453 1243 578 1284 securus
593 1227 743 1302 germinat
756 1225 866 1284 hortus

182 1366 184 1371 ,
214 1308 350 1386 Arbore,
371 1327 429 1368 uec
443 1308 543 1368 furem
554 1307 787 1389 plumbeamala
801 1309 925 1369 timent.

27 1414 29 1419 ’
151 1391 259 1450 5Haec
274 1392 367 1468 igitur
381 1391 480 1452 naedia
494 1393 655 1470 quaesunt
669 1390 758 1450 modo
772 1398 844 1451 nata
858 1390 982 1451 Subura

214 1475 365 1535 Mittimus
380 1477 531 1535 auctumni
547 1493 637 1535 cerea
651 1494 740 1554 poma
754 1475 824 1537 mei.

551 1607 645 1670 XCV.

171 1707 319 1767 infantem
333 1707 392 1767 tibi
404 1707 467 1785 vir,
488 1706 563 1784 tibi,
584 1702 675 1767 Galla
688 1704 807 1765 remisit
821 1701 956 1765 adulter.

212 1791 272 1867 Hi,
283 1797 382 1870 puto,
404 1810 466 1851 non
480 1789 571 1850 dubie
586 1808 620 1848 se
635 1789 764 1849 futuisse
778 1793 903 1866 negant.

543 1923 650 1985 xcvi.

171 2022 269 2101 Saepe
284 2020 392 2100 loquar
405 2024 528 2082 nimium
545 2030 652 2102 gentes
668 2021 764 2104 quod,
786 2018 893 2098 Avite,
914 2025 1059 2096 remotas,

211 2106 351 2182 Miraris,
371 2105 457 2166 Latia
470 2107 567 2166 factus
581 2109 613 2166 in
630 2109 706 2167 urbe
721 2124 830 2183 senex,

170 2188 406 2266 Auriferumque
421 2189 537 2268 Tagum
552 2190 650 2251 sitiam
663 2191 857 2270 patriumque
871 2186 1018 2248 Salonem

212 2273 254 2332 Et
267 2279 405 2353 repetam
419 2281 538 2333 saturae
554 2273 678 2334 sordida
692 2293 764 2355 rura
779 2288 877 2353 casae.

150 2353 229 2415 billa
242 2353 346 2436 placet
359 2356 469 2435 tellus,
490 2357 522 2415 in
538 2374 595 2436 qua
612 2377 663 2434 res
676 2377 767 2437 parva
780 2357 906 2415 beatum

211 2440 265 2500 Me
280 2441 354 2500 facit
371 2448 403 2501 et
416 2448 525 2500 tenues
543 2439 734 2502 luxuriantur
748 2459 831 2519 opes.

170 2524 309 2585 Pascitur
323 2525 392 2604 hic,
413 2527 456 2585 ibi
470 2526 568 2604 pascit
582 2544 671 2604 ager;
693 2530 780 2604 tepet
793 2524 865 2601 igne
879 2519 1016 2599 maligno

211 2604 388 2687 Hic'focus',
409 2610 527 2688 ingenti
543 2606 657 2668 lumine
670 2607 756 2666 lucet
769 2607 822 2667 ibi.
882 2611 887 2623 '

170 2690 229 2749 llic
243 2694 378 2769 pretiosa
386 2693 487 2752 'fame
502 2694 761 2769 conturbatorque
777 2684 941 2760 macellus3

129 2782 163 2832 10
209 2774 317 2833 Mensa
331 2777 374 2834 ibi
389 2775 501 2835 divicit·
515 2778 595 2836 ruris
611 2781 718 2856 operta
733 2774 788 2834 sui.
1014 2769 1020 2782 '

170 2858 320 2933 Quattuor
333 2859 384 2916 hic
398 2866 514 2918 aestate
529 2867 616 2938 togae
626 2857 775 2941 pluresve
789 2860 953 2930 teruntur3

211 2941 388 3000 Auctumnis
406 2942 449 3000 ibi
463 2961 511 3000 me
527 2949 668 3020 quattuor
681 2962 741 3002 uua
755 2942 842 3020 tegit.

169 3025 197 3101 l,
220 3021 287 3083 cole
302 3043 382 3084 nunc
396 3042 503 3102 reges,
525 3025 674 3107 quidquid
687 3044 749 3085 non
763 3029 903 3106 praestat
919 3024 1034 3084 amicus

212 3109 288 3168 Cum
302 3116 460 3189 praestare
476 3110 532 3169 tibi
545 3111 658 3190 possit,
682 3110 788 3187 Avite,
808 3106 907 3170 locus.

540 3243 659 3307 XCVII.

158 3339 240 3401 llum
255 3338 335 3404 letis
349 3360 457 3404 arsura
469 3342 597 3403 struitur
607 3340 746 3405 Libitina
752 3359 886 3420 papyro,

195 3424 280 3491 Dum
296 3431 463 3515 myrrham
477 3435 512 3492 et
526 3426 643 3491 casiam
652 3422 772 3485 bellabis
781 3441 861 3481 naor
873 3425 970 3494 enixa,
