2264 3786
90 255 150 320 308

340 332 355 351 p
407 252 795 317 M.VAL.MsaT1AL1s
861 279 863 284 -
934 228 944 241 “

579 453 628 516 ΠΙ.

101 616 105 625 ,
173 569 278 627 Omnis
289 540 325 627 in
339 568 399 627 boo
413 567 519 646 gracili
532 567 700 629 Xsmoauu
714 569 804 629 turba
818 564 928 629 libello

215 652 376 712 Constabit
388 652 517 711 nummis
532 658 675 731 quattuor
690 658 792 731 empta
804 651 873 712 tibi.

173 736 323 813 Quattuor
340 739 388 794 est
402 735 548 794 nimium?
569 736 685 815 poterit
702 741 843 794 constare
857 733 999 811 duobus,

213 819 254 878 lot
267 819 361 877 faciet
373 816 493 877 luorum
506 816 672 897 bibliopola
686 816 844 896 Tryphon.

151 901 259 963 5Haeo
273 900 348 961 licet
361 902 533 979 hospitibus
547 920 603 980 pro
618 917 744 960 munere
762 899 894 960 disticha
907 903 1031 978 mittas,

177 1030 181 1035 .
216 984 249 1043 Si
263 985 320 1044 tibi
337 989 397 1043 tam
412 1003 515 1060 rarus,
542 1003 630 1061 quam
644 983 735 1061 mihi,
757 992 895 1043 nummus
912 985 986 1044 erit.

173 1065 289 1126 Addita
302 1084 359 1145 per
372 1064 480 1125 titulos
500 1085 553 1126 sua
567 1067 688 1125 nomina
701 1067 794 1141 rebus
808 1067 957 1127 habebis:

212 1150 411 1226 Praetereas‚
434 1149 460 1208 si
475 1148 548 1227 quid
560 1167 622 1208 non
636 1149 711 1209 facit
724 1146 763 1209 ad
777 1152 978 1211 stomachum.

528 1295 578 1355 lV.
608 1293 680 1356 lbos.

174 1409 267 1468 Serus
280 1414 315 1467 ut
328 1408 484 1467 aetheriae
500 1407 700 1469 Germanicus
713 1408 846 1486 imperet
861 1406 951 1468 aulae

214 1494 316 1572 thue
332 1490 384 1550 diu
396 1492 507 1569 terris,
530 1489 568 1550 ‹la
583 1488 634 1571 pia
647 1498 716 1551 tura
730 1490 800 1550 lovi.

523 1642 560 1703 V.
580 1641 680 1722 Piper.
717 1693 719 1697 .

174 1749 273 1813 Cerea
287 1769 364 1830 quae
380 1751 483 1832 patulo
497 1751 583 1812 lueet
595 1749 726 1811 ficedula
741 1748 863 1828 lumbo,

215 1835 362 1896 oumtibi
376 1842 460 1897 sorte
476 1834 582 1913 datur,
604 1836 631 1895 si
644 1835 741 1914 sapis,
765 1831 843 1893 adde
857 1836 961 1915 piper.

507 1968 559 2029 vl.
579 1964 703 2029 Heliou.

118 2116 121 2121 ·
172 2080 234 2140 Nos
247 2078 391 2156 habeam,
412 2080 528 2158 poterit
541 2077 671 2139 mulsum
683 2079 742 2138 tibi
755 2079 881 2140 mittere
897 2079 998 2143 dives.

212 2161 245 2221 Si
261 2163 318 2221 tibi
332 2160 469 2222 noluerit
482 2163 606 2222 mittere
622 2161 722 2239 dives,
741 2178 835 2224 emes.

422 2351 424 2355 ,
513 2294 577 2355 Vll.
599 2293 698 2356 sata.

172 2408 205 2466 Si
219 2416 341 2488 spumet
354 2408 447 2468 rubra
461 2408 585 2467 oouobis
601 2407 659 2467 tibi
673 2403 787 2486 pallida
800 2412 901 2484 testa,

211 2491 376 2552 Lautorum
390 2492 474 2551 cenis
489 2509 580 2572 saepe
594 2507 706 2568 negare
720 2497 819 2570 potes.

516 2624 593 2687 Vlll.
615 2624 689 2685 Far.

170 2738 273 2798 lmbue
286 2735 425 2818 plebeias
439 2734 577 2797 Clusinis
589 2735 724 2816 pultibus
739 2731 835 2810 ollas,

211 2821 254 2881 Ut
271 2825 356 2880 satur
369 2820 402 2878 lu
415 2820 516 2880 vacuis
533 2818 633 2880 dulcia
645 2825 742 2878 musta
756 2819 851 2878 bibas.

521 2951 571 3014 [Χ.
591 2951 682 3016 aens.

171 3068 286 3147 Accipe
299 3064 464 3144 Niliacam,
485 3065 609 3127 Pelusia
622 3082 764 3142 munera,
785 3024 921 3127 lentemz

213 3149 314 3213 Vilior
329 3157 378 3212 est
394 3151 511 3230 halica,
532 3151 632 3212 carior
645 3149 699 3209 illa
715 3149 793 3210 faba.

516 3284 552 3344 Χ.
575 3280 692 3343 Simulo.

156 3398 228 3460 Nee
241 3399 336 3464 «lotos
351 3400 476 3464 similae
496 3392 599 3483 possis
610 3412 775 3461 uumeuaue
784 3412 950 3471 usuum„

192 3485 321 3551 Pistori
337 3490 465 3580 totieus
481 3504 555 3548 oum
566 3483 610 3545 sit
624 3486 660 3542 et
672 3484 749 3560 apta
759 3493 846 3539 eoao.
