2264 3786
135 240 195 304 318
248 244 251 249 ’
453 238 498 302 Μ.
513 230 604 303 VAL.
619 226 841 298 MARTIALIS

425 436 482 500 cl.
508 437 861 514 Oleum'Venafrooum.

217 542 285 602 Hoo
298 539 356 600 tibi
370 537 514 619 Campani
528 535 646 597 sudavit
659 537 734 596 baca
747 535 878 599 Venafri

70 640 76 648 ¹
157 661 162 677 ι
258 626 467 704 Unguentum:
485 621 625 699 quotiens
640 621 748 698 sumis,
770 626 803 680 et
816 618 899 680 istud
914 619 994 682 olet.

458 754 518 814 CII.
542 754 659 815 Garum
672 756 833 815 sociorum.

217 853 392 936 Expirantis
409 851 506 912 adhuc
520 853 652 911 scombri
668 849 707 911 de
721 852 867 930 sanguine
880 852 985 931 primo

258 938 372 1022 Aeolpe
387 936 548 1021 famosum,
569 953 793 1014 muneraremur,
812 953 929 1037 garum.

447 1068 521 1130 CIII.
546 1068 705 1148 Amphora
718 1069 845 1130 muriae.

218 1164 435 1246 Antipolitani,
454 1166 575 1243 fateor,
597 1185 662 1225 sum
676 1165 738 1227 filia
752 1163 875 1244 thynni:

257 1251 364 1311 Essem
379 1251 404 1309 si
418 1249 566 1327 scombri,
587 1268 649 1309 non
663 1251 721 1309 tibi
735 1251 825 1309 missa
837 1248 950 1312 iorem.

485 1384 561 1446 clv.
583 1381 647 1443 Mal
662 1384 823 1458 Atticum.

216 1482 283 1541 lloo
297 1482 353 1541 tibi
368 1481 483 1541 Thesei
496 1479 669 1561 populatrix
681 1482 764 1541 misit
776 1481 917 1560 Hymetti

257 1564 399 1626 Pallados
415 1585 432 1625 a
445 1563 527 1624 silvis
539 1563 643 1625 nobile
657 1571 763 1624 nectar
779 1566 852 1645 apia

506 1699 570 1761 CV.
593 1698 672 1759 Favi
683 1697 790 1761 Sicuti.

218 1796 294 1856 Cum
312 1793 436 1870 dederis
455 1795 575 1871 Siculos
588 1796 707 1856 mediae
722 1795 761 1856 de
777 1794 909 1859 collibus
923 1790 1068 1878 Hyblae,

258 1879 425 1960 Cecropios
442 1878 524 1941 dieas
538 1887 572 1941 tu
585 1879 662 1941 lieet
674 1899 743 1940 esse
757 1881 850 1941 favos.

528 2014 604 2077 cvl.
625 2014 763 2078 Possum.

217 2109 330 2169 Gnosia
344 2109 467 2170 Minoae
482 2113 588 2188 genuit
600 2110 751 2171 vindemia
765 2112 876 2172 Cretae

256 2192 324 2252 Hoe
338 2193 411 2271 tihi,
434 2192 515 2272 quod
530 2191 659 2253 mulsum
672 2196 814 2275 pauperis
830 2212 898 2256 esse
914 2193 1010 2260 solet.

392 2346 394 2355 ¹
514 2328 606 2395 ovo.
626 2327 775 2392 Rootum.

214 2424 299 2484 Haec
314 2424 353 2484 ‹le
366 2426 490 2486 vitifera
502 2427 623 2486 venisse
636 2427 736 2507 pirata
752 2428 871 2489 Vienna
938 2464 941 2468 -

255 2508 301 2568 Ne
316 2507 454 2588 dubites,
475 2511 558 2570 misit
572 2510 717 2585 Romulus
730 2512 797 2591 ipse
812 2511 897 2571 mihi.

505 2645 608 2707 CVIII.
629 2643 776 2706 Mulsum.

215 2738 317 2798 Attica
331 2747 507 2799 nectareum
521 2743 651 2801 turbatis
663 2740 756 2801 mella
770 2738 946 2802 Falernum.

255 2821 382 2882 Misceri
396 2821 488 2885 deret
502 2825 561 2884 hoe
576 2845 594 2884 a
608 2825 785 2906 Ganymede
799 2842 927 2889 merum.

509 2957 585 3017 clx.
610 2959 777 3022 Albanum.

137 3108 141 3115 ι
212 3068 279 3127 Hoc
294 3067 333 3128 de
348 3066 509 3128 Caesareis
523 3069 605 3129 mitis
619 3058 769 3133 vindemia
784 3068 872 3132 cellis
977 3054 991 3087 ⁸

252 3152 355 3229 Mislt‚
375 3150 458 3212 Iuleo
468 3171 550 3245 xquae
567 3155 626 3214 sihi
639 3148 742 3216 nionte
755 3154 866 3236 placet.

485 3287 550 3348 CX.
570 3287 798 3353 Surrentinum.

131 3432 135 3441 .
198 3383 391 3458 Surrentina
406 3389 515 3451 bibls‘.l
535 3389 598 3450 neo
614 3381 868 3466 murrinapiom
880 3403 1066 3446 uenantum

91 3440 139 3552 ι
232 3469 356 3538 Snmez
379 3474 505 3541 flabunt
522 3469 993 3538 ealieesliaeotilalulnasnos.
