2264 3786
291 157 725 291 “uironanmrnonarn
739 197 776 257 x.
998 195 1058 260 ιιι
1081 286 1086 296 ¹

73 345 179 408 10Nec
200 362 276 423 quae
291 343 417 423 paludes
433 343 565 405 delicata
577 334 754 426 Pomptinas

115 430 163 489 Ex
176 445 247 486 aree
263 426 333 491 oliui
347 434 535 508 spectatura
548 428 655 489 Setini.

116 510 196 589 Quid
211 513 420 612 concupiscam
434 513 556 590 quaerIs
570 511 666 590 ergo?
688 510 831 575 dormIre.

114 721 203 782 Milia
215 693 324 798 viginti
338 621 654 799 quondamllnxexilalla
667 716 808 800 poposcit

146 806 214 882 Et,
232 804 349 880 fateor,
368 823 475 882 magno
489 821 550 862 non
564 812 632 863 erat
644 801 698 862 illa
711 805 810 867 nimis.

116 889 222 947 Annus
236 889 313 946 abit:
334 887 409 963 „llis
424 888 514 963 qulna
529 885 614 946 dabis
629 888 772 946 sestertia
779 887 811 967 ,“
826 886 911 952 dixit.

157 972 291 1030 Poscere
304 968 374 1050 plus
388 971 451 1029 risa
465 975 513 1029 est
528 989 615 1047 quam
629 971 715 1050 prius
728 969 783 1031 illa
796 972 920 1031 mihi.

88 1055 175 1114 olam
190 1053 249 1113 duo
266 1055 406 1133 poscenti
420 1058 490 1132 post
504 1058 621 1112 sextum
637 1051 719 1113 milia
733 1071 868 1115 mensem

156 1135 245 1197 Mille
261 1137 367 1196 dabam
382 1155 527 1197 nummos.
556 1135 663 1196 Noluit
676 1138 826 1217 achper'e.

115 1221 318 1281 Transierant
331 1221 420 1280 blnao
433 1220 538 1279 forsan
555 1219 692 1280 trinaeve
707 1213 898 1320 IIalendae,

156 1303 307 1363 Aureolos
321 1302 404 1362 ultro
420 1308 562 1382 quattuor
576 1303 641 1383 Ipsa
655 1303 743 1383 petit.

113 1387 182 1447 Non
197 1386 344 1449 dedimus.
374 1387 504 1447 (lentum
517 1387 607 1445 iussit
619 1404 668 1445 mo
683 1387 806 1449 mittere
821 1406 975 1463 nummos;

77 1479 113 1531 lo
163 1469 266 1530 Sed
238 1479 304 1530 vrsa'
316 1476 365 1530 est
379 1470 468 1529 nobis
481 1470 558 1529 haee
571 1489 694 1548 quoque
709 1489 823 1530 summa
837 1474 944 1550 gravis.

115 1554 258 1633 Sportula
271 1573 327 1613 nos
340 1554 438 1613 iunxit
451 1552 667 1631 quadrantibus
683 1553 767 1613 arida
782 1561 919 1630 centum

157 1638 243 1696 Hanc
257 1637 366 1697 voluit:
408 1654 482 1696 uero
500 1635 627 1695 diximus
641 1654 709 1696 esse
725 1636 834 1701 datam.
931 1695 934 1701 .

113 1721 244 1780 Inferias
259 1656 407 1799 numquid
420 1720 522 1799 potuit
536 1718 749 1780 descendere?
769 1722 854 1785 fecit.

93 1817 97 1823 ·
157 1805 215 1864 Dat
228 1804 338 1883 gratis,
358 1800 440 1863 ultro
457 1801 509 1862 dat
524 1803 598 1862 mibi
613 1801 716 1863 Galla:
737 1823 826 1884 nego.

483 1912 616 1976 LXXVI.

114 2012 198 2090 Hoc,
219 2014 370 2090 Fortuna,
390 2013 447 2073 tibi
462 2011 583 2072 videtur
598 2013 751 2091 aequum?

114 2097 196 2161 civis
210 2115 272 2156 non
286 2097 430 2176 Syriaeve
444 2097 642 2175 Parthiaeve‚
728 2166 731 2171 ¹

114 2181 179 2239 Nec
197 2179 236 2239 de
250 2178 439 2260 Cappadocis
455 2198 550 2259 eques
566 2181 704 2258 catastis,

116 2262 178 2322 Sed
194 2262 232 2323 de
245 2263 338 2343 plebe
352 2265 441 2324 Remi
457 2265 632 2341 Numaeque
645 2282 756 2341 verna,

92 2346 281 2426 blucundas,
299 2349 427 2427 probus,
449 2349 597 2407 innocens
612 2349 740 2424 omibus,

114 2431 230 2508 Lingua
244 2430 351 2491 doctus
366 2437 512 2509 utraque,
534 2432 618 2490 euius
632 2449 724 2488 unum
739 2435 800 2507 est,

114 2513 178 2572 Sed
192 2534 329 2592 magnum
342 2515 463 2591 vitium,
485 2512 565 2593 quod
581 2519 629 2572 est
644 2519 752 2593 poeta,

112 2596 201 2657 l’ullo
217 2599 353 2658 Maevius
372 2595 455 2675 alget
468 2599 500 2655 in
515 2595 645 2673 cucullo,

115 2681 216 2741 Cocco
232 2680 325 2742 mulio
340 2680 440 2760 fulget
454 2680 608 2740 Incitatus.

474 2790 622 2851 LXXVII.

114 2874 251 2952 Nequius
265 2895 281 2934 a
297 2877 376 2937 Caro
391 2873 470 2934 nibil
484 2894 633 2953 unquam,
654 2872 801 2954 Maxime,
823 2874 935 2937 iactum
953 2882 1015 2954 est,

155 2959 251 3034 Quam
268 2958 349 3037 quod
362 2960 451 3018 febre
467 2958 567 3038 perit:
588 2958 665 3018 fecit
678 2963 712 3017 et
724 2956 779 3018 llla
793 2959 887 3019 nefas.

115 3042 211 3101 Saeva
224 3061 339 3102 nocens
353 3038 454 3102 febris
468 3041 577 3102 saltem
593 3047 739 3121 quartana
753 3042 876 3101 fuisset!

156 3125 279 3186 Servari
293 3125 411 3187 medico
427 3125 535 3185 debuit
550 3124 605 3184 iIle
619 3144 682 3185 suo.

466 3237 627 3300 LXXVIII.

114 3335 176 3396 Ibis
189 3335 335 3415 litoreas,
356 3338 477 3416 Macer,
496 3335 642 3415 Salonas,
723 3362 727 3369 ι

107 3420 170 3478 ibit
181 3441 251 3480 rara
265 3419 346 3482 rides
360 3440 515 3504 amorque
525 3423 612 3485 recti
