2264 3786
74 186 135 250 120
363 248 364 252 ,
395 184 783 249 minutissimus
918 202 922 211 ·

558 336 607 398 Li

156 449 242 527 Hic,
255 450 307 529 qui
318 444 434 510 libellis
447 438 643 528 praegravem
659 449 739 527 gerit
755 447 884 530 laevam,
920 445 923 449 ’
998 472 1001 479 ·

155 532 349 593 Notariorum
368 550 457 610 quem
470 533 583 612 premit
596 533 708 591 chorus
720 531 814 611 levis,

157 617 216 691 Qui
231 614 380 677 codicillis
394 617 466 682 hinc
484 621 516 674 et
529 614 602 675 inde
614 614 742 694 prolatis
786 628 788 637 ¹

156 697 364 779 Epistulisque
380 696 548 759 commodat
562 716 683 776 gravem
698 697 813 759 voltum

135 781 273 853 ssimilir
289 783 398 842 Catoni
413 781 580 860 Tullioque
594 782 765 860 Brutoque,

156 867 354 945 Exprimere,
375 865 471 942 Rule',
491 864 633 924 fidiculae
645 864 722 925 licet
736 871 861 944 cogant,

157 951 222 1029 live
236 949 392 1024 Latinum,
406 955 496 1026 χαῖρε
510 966 572 1006 nou
585 953 689 1027 potest
703 949 863 1019 Graecum.

158 1033 191 1093 Si
205 1033 322 1110 fingere
337 1030 419 1091 istud
436 1049 484 1090 me
497 1036 601 1111 putas,
622 1031 793 1094 salutemus.

552 1163 613 1225 LII.

159 1264 242 1340 Quae
257 1264 332 1324 mihi
346 1264 538 1344 praestiteris
554 1265 678 1324 memini
696 1282 881 1344 semperque.
890 1267 1010 1327 tenebo.

200 1348 262 1407 Cur
276 1349 368 1426 igitur
382 1353 484 1424 taceo,
505 1347 670 1408 Postume?
702 1349 750 1408 Tu
763 1347 911 1427 loqueris.

157 1430 271 1509 Incipio
288 1432 428 1509 quotiens
442 1429 530 1491 alicui
543 1437 595 1491 tua
613 1430 691 1491 (lona
705 1432 843 1509 referre,

201 1514 345 1573 Protinus
360 1513 505 1575 exclamat
519 1512 667 1592 „Dixerat
679 1517 746 1594 ipse
761 1514 869 1577 milri.“
958 1586 977 1595 ..

136 1598 229 1657 5Nou
244 1597 327 1657 belle
342 1597 487 1675 quaedam
502 1598 618 1657 iaciunt
631 1597 707 1658 duo:
727 1599 842 1658 sufficit
855 1611 937 1660 unus

199 1681 279 1740 Huic
292 1683 396 1761 operi:
417 1684 444 1741 si
457 1683 517 1760 vis,
539 1688 573 1742 ut
586 1680 711 1761 loquar,
731 1683 799 1762 ipse
813 1689 893 1742 tace.
947 1686 950 1691 '
995 1752 998 1757 ¹

160 1763 262 1824 Crede
277 1766 367 1842 mihi,
388 1760 520 1844 quamvis
533 1767 685 1844 ingentia,
705 1767 867 1845 Postume,
889 1765 969 1827 dona
1009 1798 1015 1805 ·

198 1849 341 1908 Auctoris
355 1856 487 1928 pereunt
501 1848 680 1928 garrulitate
695 1851 751 1912 sui.

552 1983 626 2043 nm.
664 1963 667 1967 ’

161 2077 309 2140 Colchida
325 2077 398 2158 quid
412 2079 536 2156 scribis,
552 2077 626 2158 quid
640 2078 765 2156 scribis,
779 2080 894 2157 amice,
917 2030 1089 2160 Thyestem

202 2161 267 2236 Quo
282 2165 338 2223 tibi
353 2161 402 2221 rel
415 2162 551 2238 Nioben,
571 2162 681 2238 Basse,
702 2159 752 2222 vel
765 2161 1022 2225 Andromachen?

159 2243 291 2304 Materia
305 2252 368 2323 est,
389 2243 589 2322 mihicrede,
610 2246 672 2304 tuis
688 2246 841 2325 aptissima
855 2247 969 2309 chartis

106 2392 113 2415 Ι
202 2328 384 2408 Deucalion,
404 2325 455 2387 vel
471 2329 496 2387 si
508 2346 569 2388 non
583 2327 686 2408 placet
697 2329 766 2406 hic,
785 2329 954 2392 Phaethon.

547 2452 623 2515 LIV.

157 2547 380 2629 Extemporalis
394 2552 492 2612 factus
506 2557 554 2611 est
567 2569 652 2611 meus
664 2552 786 2611 rhetor:

161 2629 359 2710 Calpurnium
372 2654 434 2694 non
449 2635 589 2717 scripsit,
610 2641 643 2695 et
656 2633 805 2695 salutavit.

556 2767 620 2830 LV.

159 2859 215 2918 Dic
227 2861 312 2936 mihi,
326 2880 415 2941 quem
427 2868 543 2942 portas,
556 2863 712 2924 volucrum
723 2863 851 2944 regini?
872 2863 1096 2943 „Tonantem.“

199 2942 291 3002 Nulla
305 2964 394 3004 mauu
408 2965 502 3025 quare
516 2945 643 3006 fulmina
657 2947 777 3025 gestat?
808 2946 950 3025 ,‚Amat.“

161 3027 227 3103 Quo
243 3025 324 3087 calet
336 3029 407 3106 igne
422 3027 519 3088 deus?
544 3031 691 3109 „Pueri.“
722 3032 784 3091 Gur
798 3032 879 3091 mitis
895 3036 1002 3111 aperto

200 3111 340 3192 Respicis
358 3129 412 3172 ore
425 3112 548 3173 lorem'.l
573 3113 640 3192 „lle
656 3114 832 3194 Ganymede
845 3113 991 3195 loquor.“

549 3231 625 3293 LVI.

157 3327 216 3385 Cui
229 3326 347 3408 uades,
367 3329 470 3412 Lupe,
489 3327 586 3390 filium
600 3331 761 3410 magistro,

142 3407 276 3481 Quaeris
287 3412 449 3481 sollicitus
465 3414 521 3479 diu
535 3433 702 3498 rogasque.
