2264 3786
89 195 128 258 14
406 196 449 259 ιι.
465 184 795 296 neumanensis

581 397 630 458 XI.

171 509 246 568 (lum
261 506 332 568 data
345 510 407 568 sint
420 510 517 587 equiti
531 510 578 569 bis
593 511 685 587 quina
696 512 891 591 nomismata,
910 525 1010 593 ‘quare

211 592 263 651 Bis
278 591 517 670 decienssolus,
538 592 842 680 Sextilianegbibis‘?

168 676 229 734 lam
246 675 413 736 defecisset
428 682 587 757 portantes
601 675 687 736 ealda
701 678 873 757 ministros,

210 759 242 818 Si
257 779 318 819 non
331 764 472 840 potares,
493 759 677 837 Sextiliane,
700 779 824 821 merum.

567 905 631 969 llll.

169 1021 233 1079 ltur
249 1019 287 1078 ad
301 1018 471 1079 Herculeas
486 1017 582 1096 gelidi
598 1039 657 1096 qua
672 1020 798 1081 Tiburis
814 1038 901 1080 arses

213 1103 356 1181 Canaque
372 1100 547 1181 sulphureis
563 1100 676 1161 Albula
688 1103 785 1163 fumat
799 1107 901 1183 aquis,

166 1187 249 1245 Rura
261 1202 429 1264 nemusque
444 1204 563 1245 sacram
578 1184 752 1266 dilectaque
766 1188 873 1266 iugera
888 1189 987 1250 Musis

114 1288 122 1310 ι
208 1270 314 1348 Signat
327 1271 426 1330 vieIna
441 1275 565 1348 quartus
581 1270 617 1328 ab
633 1272 709 1330 urbe
723 1269 809 1351 lapis.

144 1352 225 1414 5Hie
239 1353 326 1413 rudis
339 1354 467 1413 aestivas
481 1356 656 1432 praestabat
670 1356 806 1432 porticus
822 1356 961 1434 umbras,

206 1437 275 1496 Heu
291 1456 379 1515 quam
393 1454 490 1515 paene
504 1456 613 1496 nevum
627 1439 764 1517 porticus
779 1458 849 1498 ausa
864 1441 968 1500 nefas!

165 1520 240 1578 Nam
254 1522 354 1580 subito
370 1520 502 1598 collapsa
514 1522 592 1595 ruit,
614 1540 681 1580 eum
697 1520 777 1581 mole
792 1524 848 1581 snb
862 1520 915 1583 illa

208 1604 352 1664 Gestatus
367 1604 478 1681 biiugis
492 1602 626 1682 Regulus
641 1613 725 1664 esset
740 1607 837 1684 equis.
860 1647 865 1653 -

165 1687 313 1747 Nimirum
328 1687 428 1747 timuit
442 1694 562 1747 nostras
575 1688 712 1748 Fortuna
727 1688 898 1769 querellas,

125 1781 159 1832 10
207 1772 290 1848 Quae
308 1777 439 1849 partam
453 1789 578 1850 magnae
593 1789 655 1831 non
669 1778 738 1832 erat
748 1772 891 1834 invidiae.

139 1870 141 1872 ’
163 1854 250 1914 Nune
265 1860 298 1914 et
312 1853 419 1913 damna
432 1855 550 1928 iuvant;
574 1860 645 1914 sunt
657 1856 723 1934 ipsa
738 1855 877 1936 pericula
888 1859 983 1918 tanti:
1018 1849 1025 1857 ’

207 1939 325 1998 Stantia
338 1957 400 1997 non
414 1944 558 2018 poterant
571 1943 654 1998 tecta
668 1940 800 2017 probare
816 1939 900 2000 deos.

557 2069 635 2130 XlIl.
711 2072 713 2077 ’

166 2180 257 2240 Casta
271 2200 326 2240 suo
342 2179 474 2258 gladium
489 2199 557 2239 eum
570 2178 710 2242 traderet
724 2183 815 2242 Arria
828 2182 941 2262 Paeto,

177 2328 181 2335 „
205 2264 301 2340 Quem
318 2262 357 2323 de
371 2263 539 2337 visceribus
554 2265 719 2325 strinxerat
732 2267 798 2347 ipsa
812 2268 891 2346 suis,

164 2347 219 2426 „Si
236 2368 294 2427 qna
307 2347 401 2426 fides,
418 2345 526 2404 vulnus
542 2346 623 2426 quod
636 2346 697 2408 ieci
714 2368 776 2409 nan
791 2348 917 2429 dolet,“,
934 2352 1050 2430 inquit;

205 2430 289 2515 „Sed
305 2431 386 2510 quod
400 2436 433 2490 tu
448 2430 559 2509 iacies,
580 2431 745 2511 heumihi,
767 2433 880 2513 Paete,
899 2433 1016 2516 doleas}

523 2588 527 2592 ·
552 2564 632 2628 XlV.

162 2677 313 2755 Delicias,
336 2679 378 2738 Oa
486 2678 633 2759 lususque
647 2682 792 2758 iocosque
806 2679 930 2740 leonum

454 2764 546 2823 etiam
559 2769 696 2842 praestat
710 2764 826 2822 harena
837 2766 911 2841 tibi,

163 2845 239 2905 (lam
252 2862 383 2924 prensus
430 2845 508 2904 ando
523 2847 638 2905 totiena
653 2866 670 2904 a
686 2843 779 2905 dente
794 2846 914 2906 rediret

203 2929 244 2987 Et
259 2947 318 3009 per
331 2945 387 3008 ape
449 2946 541 3006 vagus
556 2935 698 2988 curreret
712 2947 765 2988 ora
778 2927 877 3009 lepus.

139 3012 252 3073 5Unde
266 3019 369 3091 potest
431 3010 486 3070 dus
504 3017 609 3089 captae
623 3010 674 3071 leo
691 3031 821 3092 parcere
834 3013 992 3092 praedae?

202 3095 267 3154 Sed
280 3103 381 3154 tamen
430 3111 464 3153 se
477 3102 547 3152 tau
562 3093 689 3154 dicitur:
710 3114 784 3173 erga
798 3105 910 3176 petest.
991 3153 1001 3159 .

554 3227 621 3291 XV.
635 3292 640 3300 ,

161 3341 186 3403 0
202 3343 276 3403 mihi
288 3349 359 3424 pest
372 3340 493 3421 nullos,
515 3341 588 3420 iuli,
610 3343 806 3404 memorande
820 3343 957 3422 sodales,

203 3427 235 3486 Si
251 3427 428 3508 quid'langa
440 3426 519 3488 fides
534 3445 669 3529 canaque
682 3429 750 3489 iura
762 3427 881 3506 valent,
