2264 3786
283 194 624 265 'EilesioIMAToN
637 199 711 263 LIB.
727 201 763 263 II.
792 215 795 221 ’
838 246 841 253 .
999 199 1039 264 57

480 400 613 464 LXXVI

98 514 228 592 Argenti
241 511 337 573 libras
352 514 470 574 Marios
483 516 541 575 tihi
554 486 689 593 qflnqne
701 513 841 593 reliquit.

138 598 196 657 (ini
210 596 288 658 nihil
301 598 368 678 ipse
379 597 487 676 dabas,
507 598 558 658 hic
572 599 630 659 tibi
642 600 736 659 verba
750 597 845 659 dedit.
898 628 906 636 ·

452 728 601 792 LXXVII.

96 841 244 918 Cosconi,
265 841 317 919 qni
330 839 421 920 longa
434 848 522 921 pntaa
536 843 750 921 epigrammata
765 848 888 922 nostra,

243 923 392 985 onendis
407 927 510 985 axibus
525 942 594 985 esse
607 931 707 1005 potes.

94 923 229 1069 11antilla
176 1013 212 1066 tn
226 1025 279 1067 cre
314 1007 396 1069 deris
410 1007 535 1086 longum
548 1009 668 1068 ratione
683 1006 825 1097 colosson

136 1073 179 1150 Et
192 1108 319 1192 pueram
336 1091 425 1151 Bruti
442 1090 557 1151 dixeris
570 1110 639 1152 esse
653 1086 799 1155 brevem'

73 1173 190 1234 5Disce
205 1171 309 1252 quod‘
299 1193 436 1252 ignoras.
457 1174 556 1235 Marsi
570 1174 713 1253 doctique
727 1174 862 1236 Pedonia

138 1257 237 1337 Saepe
252 1255 364 1337 duplex
380 1276 473 1317 unum
484 1259 595 1338 pagina
609 1265 721 1318 tractat
736 1278 819 1339 opus.

92 1339 162 1403 Non
177 1345 249 1400 sunt
259 1338 353 1420 longa
368 1342 475 1418 quihus
489 1341 566 1401 nihil
580 1340 722 1421 estquod
738 1340 863 1403 demere
877 1343 996 1423 possis,

136 1423 200 1483 Sed
213 1432 263 1504 to,
285 1425 445 1502 Cosconi,
442 1424 586 1485 dlsticha
599 1423 691 1504 longa
704 1424 789 1487 iacis.

442 1556 603 1621 LXXVIII.

94 1668 220 1728 Aestivo
235 1685 340 1728 serves
354 1670 407 1737 obi
420 1671 536 1750 piscem
550 1677 689 1750 tempore
704 1671 848 1747 qnaeris?

139 1751 173 1812 Ιιι
188 1751 317 1812 thermis
331 1771 434 1831 serva,
456 1752 647 1831 caeciliane,
666 1755 736 1813 tuis.

355 1906 359 1910 ·
407 1859 410 1865 ’
459 1856 594 1951 cxxix.

57 2071 65 2090 Ι
94 2001 207 2061 Invitas
223 2005 295 2061 tono
310 2018 375 2081 me,
397 2022 464 2063 oum
478 2003 554 2080 scis,
575 2003 699 2079 Nasica,
719 2018 854 2066 vocasse.

136 2086 318 2197 Excusatum
332 2086 444 2146 habeas
457 2105 506 2147 me
519 2107 610 2166 rogo:
631 2104 708 2148 cerro
722 2086 812 2148 domi.

463 2220 583 2283 LXXX.

96 2328 227 2389 Hostem
241 2349 309 2390 cam
321 2331 459 2429 fugeret,
480 2350 515 2391 se
530 2331 663 2392 Fannius
678 2331 746 2411 ipso
763 2331 906 2409 peremit.

137 2413 197 2472 Hic
211 2432 286 2493 rogo
301 2433 362 2473 non
378 2410 466 2475 fdror
480 2419 543 2491 est,
563 2432 604 2474 ne
618 2415 767 2489 moriare,
787 2413 888 2528 morli

458 2545 592 2607 LXXXI

96 2664 207 2725 Laxior
220 2665 406 2746 hexaphoris
418 2669 471 2723 tua
490 2664 532 2723 sit
544 2660 656 2723 lectica
668 2658 794 2721 licebit:

138 2750 214 2812 Cum
227 2755 329 2810 tamen
342 2744 420 2809 haec
434 2753 486 2808 tua
500 2748 557 2825 sit,
577 2743 691 2824 Zoile,'
703 2742 857 2843 sandapila
871 2751 928 2806 est.

452 2880 598 2941 LXXXII.

96 2993 223 3053 Abscisa
236 3012 357 3054 servum
368 2991 440 3069 qaid
453 2992 539 3070 figis,
558 2991 703 3066 Pontice,
724 2991 852 3069 linguai

137 3077 251 3138 Nescio
265 3085 298 3138 tn
312 3075 458 3158 populum
473 3075 556 3154 quod
568 3081 651 3136 tacet
664 3074 721 3135 ille
734 3073 842 3153 loqnii
945 3163 951 3173 ἢ

443 3207 603 3270 LXXXIII.

96 3321 241 3384 Foedasti
255 3325 416 3407 miserum,
437 3325 562 3401 marito,
584 3323 759 3398 moechum,

97 3405 137 3466 ht
150 3425 199 3486 se,
222 3409 275 3488 qni
289 3407 412 3468 iderant
427 3409 530 3489 prius,
551 3408 713 3484 requirunt
794 3426 796 3431 ¹
