2264 3786
288 232 623 296 arroaannauou
637 236 711 300 am.
725 203 788 300 au.
991 237 1052 302 aaa

106 387 148 446 nt
162 403 230 445 cum
246 383 371 444 lacerna
384 404 559 466 corneoque
575 393 695 448 cratere
804 444 806 453 r

106 467 237 528 Matella
252 474 339 528 curto
352 476 443 548 rupta
455 469 555 530 latere
570 472 712 532 meiebat.

107 553 192 612 Foco
205 553 318 611 virenti
332 553 457 612 suberat
468 554 633 633 amphorae
648 555 765 615 cervix:

66 637 212 698 15Fuisse
227 652 334 713 gerres
349 641 400 695 aut
412 636 539 697 inutiles
553 656 674 698 maenas

107 718 193 779 Odor
207 717 376 797 impudicus
391 722 478 780 urcei
491 720 661 793 fatebatur,

107 801 234 877 Qualem
248 803 382 861 marinae
389 803 480 863 'misit
495 823 567 863 aura
581 805 725 883 piscinae.

106 887 170 945 Nec
186 883 300 964 quadra
315 883 422 944 deerat
436 888 516 947 caael
531 885 703 966 Tolosatis,

107 967 270 1044 Quadrima
284 969 365 1045 nigri
380 987 439 1029 nee
453 988 565 1046 corona
576 969 663 1050 pulei

64 1050 276 1130 200alvaeque
291 1057 391 1110 restes
406 1050 541 1132 alliaque
556 1056 720 1134 cepisque,

106 1136 170 1195 Nec
184 1133 275 1214 plena
288 1135 373 1213 turpi
387 1138 493 1196 matris
508 1134 570 1197 olla
582 1139 702 1216 resina,

108 1218 357 1278 Summoenianae
373 1238 432 1297 qua
445 1218 580 1298 pilantur
594 1238 715 1282 uxores.

95 1298 188 1377 ‘Quid
200 1302 322 1381 quaeris
337 1299 429 1360 aedes
443 1301 610 1381 vilicusque
625 1302 766 1382 derides,

106 1387 253 1445 Habitare
268 1385 378 1462 gratis,
401 1404 418 1443 o
433 1385 583 1464 Vacerra,
606 1405 673 1445 cum
686 1387 809 1468 possis?

65 1470 190 1531 iaHaec
204 1469 388 1527 sarcinarum
401 1487 512 1548 pompa
526 1470 668 1530 convenit
680 1472 777 1559 ponti.

470 1629 603 1711 xxnu.
694 1642 706 1676 ·-

67 1700 69 1704 Ι
107 1743 150 1803 Ut
163 1759 276 1820 pueros
291 1747 409 1801 emeret
422 1740 591 1819 Labienus,
612 1738 751 1803 vendidit
762 1743 879 1803 hortos.

147 1825 199 1885 Nil
214 1825 274 1884 nisi
287 1825 411 1885 ficetum
425 1843 504 1884 nane
517 1824 670 1889 Labienus
683 1827 785 1890 habet.

468 1986 604 2050 XXXIV.

108 2098 249 2174 Triginta
261 2100 335 2158 mihi
353 2105 556 2179 quattuorque
571 2119 686 2163 messes

107 2182 239 2259 Tecum,
262 2183 288 2241 si
301 2185 438 2262 memini,
460 2184 653 2262 fuere,'luli.

108 2266 240 2340 Quarum
254 2263 355 2327 dulcia
367 2268 459 2327 mixta
473 2275 543 2328 sunt
557 2271 683 2346 amaris,

107 2347 170 2406 Sed
182 2348 313 2408 iucunda
326 2354 429 2409 tamen
441 2352 530 2411 inere
543 2351 640 2431 pluro.

83 2433 149 2494 alet
163 2433 189 2491 ai
204 2431 336 2492 calculus
351 2435 448 2493 omnis
463 2435 523 2493 lano
537 2441 570 2493 et
582 2433 659 2494 illuc

106 2517 250 2579 Diversus
265 2514 444 2593 bicolorque
459 2515 632 2594 digeratur,

105 2599 220 2659 Vincet
233 2596 362 2658 candida
376 2600 465 2658 turba
478 2600 654 2678 nigriorem,

106 2682 140 2741 Si
155 2685 252 2742 vitare
267 2682 350 2741 voles
366 2682 476 2742 acerba
493 2681 640 2761 quaedam

105 2766 145 2824 Et
157 2766 263 2824 tristes
280 2767 370 2825 animi
386 2784 493 2826 cavere
507 2785 642 2844 morsus,
664 2795 666 2803 ·

61 2846 189 2919 loNulli
204 2854 236 2907 te
250 2848 342 2908 facias
356 2850 445 2910 nimis
460 2849 605 2912 sodalem.
770 2914 774 2925 ,

107 2930 262 2992 Gaudebis
276 2933 390 3011 minua,
410 2935 560 3017 etminus
574 2931 702 2994 dolebis.
765 3014 767 3018 Ι

474 3081 597 3146 XXXV.

105 3189 263 3267 Tanquam
276 3189 459 3271 simpliciter
470 3172 605 3270 mecum,
628 3188 820 3268 Callistrato,
839 3192 936 3270 viras,

146 3272 258 3333 Dicere
272 3275 424 3353 percisum
437 3281 469 3336 te
483 3277 557 3335 mihi
572 3291 664 3354 saepe
678 3270 769 3339 soles.
929 3328 932 3333 .

103 3356 173 3415 Non
190 3374 223 3416 es
236 3363 298 3416 tam
311 3355 454 3437 simplex,
477 3376 565 3435 quam
579 3359 640 3434 vis,
663 3354 857 3437 Callistrato,
878 3356 972 3422 credi.

146 3439 222 3499 Nam
236 3441 374 3520 quisquis
388 3446 493 3501 narrat
506 3439 598 3520 talia,
618 3438 706 3521 plura
718 3445 853 3584 tacet&
1037 3508 1068 3564 Ι
