2264 3786
113 203 174 266 ‘228
430 199 473 260 m
489 197 579 262 VAL.
594 198 817 260 MARTIALIS

196 350 339 413 Delasset
351 334 455 411 omnes
468 318 586 412 fabulas
599 356 773 431 poetarum:

195 439 237 497 Et
252 457 319 497 eum
332 436 424 496 lateri
437 437 531 495 Furia
547 437 673 496 iusserit
685 454 808 512 verum,

196 521 353 581 Prodente
368 520 478 580 elamet
492 521 677 580 couscientia
691 519 864 599 ‚‚Soripsi.“

604 654 654 716 VI.

197 749 333 827 Felices,
357 752 465 829 quibus
479 772 556 812 urna
570 751 657 813 dedit
671 757 811 830 spectare
826 770 988 813 eorusoum

239 833 361 893 Solibus
377 837 499 896 Aretois
515 836 728 913 sideribusque
744 833 861 893 ducem.

197 917 324 993 Quando
343 920 404 976 erit
420 918 475 977 ille
492 918 574 996 dies,
598 938 656 998 quo
673 937 794 996 campus
808 925 840 977 et
855 920 950 980 orbor
964 930 999 981 et
1015 926 1102 985 omnis

237 1001 368 1059 Lucebit
380 999 467 1060 Latia
483 1002 563 1062 culta
576 1003 715 1063 fenestra
731 1001 832 1060 nuru?

172 1083 321 1158 5Quando
337 1102 440 1143 morae
455 1083 560 1146 dulces
573 1083 745 1164 longusque
759 1105 776 1143 a
791 1085 927 1145 Caesare
941 1087 1042 1167 pulvis

239 1167 379 1246 Totaque
397 1166 547 1229 Flaminia
562 1170 656 1229 Roma
669 1167 800 1228 videnda
811 1168 883 1228 via?

197 1249 324 1325 Quando
339 1269 435 1330 eques
451 1260 484 1311 et
504 1254 580 1332 picti
593 1255 696 1327 tupiea
710 1251 848 1313 Nilotide
862 1252 970 1314 Mauri

238 1334 337 1414 Ibitis,
358 1341 393 1394 et
404 1334 511 1414 populi
525 1357 581 1397 vox
598 1339 658 1397 erit
671 1355 731 1396 una
743 1336 905 1415 „ventem

590 1470 654 1533 VII.
747 1466 750 1473 ’

194 1564 400 1644 Nympharum
417 1573 506 1647 pater
522 1569 727 1650 amniumque,
748 1567 876 1645 Rhene,

196 1649 375 1729 Quicunque
390 1650 537 1730 Odrysias
550 1653 658 1712 bibunt
670 1652 813 1731 pruinas,

196 1733 247 1791 Sic
262 1752 384 1813 semper
398 1733 522 1814 liquidis
537 1737 648 1795 fruaris
663 1735 769 1813 undis,

195 1817 223 1874 N
225 1835 260 1876 ee
273 1823 306 1877 te
321 1820 449 1879 barbara
464 1818 678 1879 contumeliosi

175 1900 437 1962 50aleetum'rota
452 1910 592 1963 conterat
606 1902 746 1976 bubulei;

44 1982 50 1991 ’
179 1984 246 2043 ‘Sic
264 1992 296 2043 et
310 1986 452 2045 cornibus
468 1989 569 2046 aureis
583 1989 718 2067 receptis

197 2068 238 2125 Et
250 2067 402 2131 Romanus
418 2087 469 2128 eas
484 2077 614 2150 utraque
628 2072 711 2150 rIpa:

196 2149 360 2209 Traianum
373 2150 494 2230 populis
509 2154 571 2212 suis
587 2160 619 2214 et
635 2156 721 2232 urbi,

197 2230 301 2292 Tibris
315 2240 348 2293 te
363 2233 502 2296 dominus
516 2243 620 2317 rogat,
640 2239 789 2303 remittes.

584 2372 660 2435 VIII.

193 2464 317 2526 Nubere
330 2464 424 2527 Paula
439 2467 524 2548 eupit
537 2469 641 2546 nobis,
663 2485 721 2546 ego
738 2463 851 2527 ducere
865 2468 994 2531 Paulam

236 2547 329 2609 Nolo:
345 2569 418 2610 anus
433 2558 496 2625 est3
516 2548 644 2630 vellem,
666 2552 693 2611 si
706 2552 801 2631 magis
816 2560 900 2613 esset
916 2574 1001 2617 anus.

195 2780 333 2842 Undenis
347 2783 539 2864 pedibusque
553 2782 739 2863 syllabisque

86 2936 90 2945 Ι
193 2865 235 2924 Et
248 2865 341 2926 multo
357 2867 438 2944 sale,
459 2886 517 2927 nee
532 2874 634 2927 tamen
647 2875 811 2946 protervo,

193 2947 289 3008 Notus
304 2951 444 3026 gentibus
458 2949 514 3009 ille
528 2948 681 3011 Martialis
981 3014 984 3021 ,

193 3031 235 3091 Et
248 3038 338 3091 notus
353 3030 475 3112 populis
489 3066 531 3075 —
546 3032 619 3112 quid
632 3031 798 3093 invidetis?
809 3068 853 3079 --

173 3113 263 3175 5Non
279 3134 345 3175 sum
359 3115 572 3178 Andraemone
586 3118 689 3178 notior
706 3116 832 3179 caballo.

602 3249 639 3312 X.

185 3361 262 3423 Cum
278 3370 328 3446 tu,
348 3360 515 3448 laurigeris
530 3384 644 3427 anuum
655 3364 852 3444 quiiasoibus
863 3367 979 3443 intras,

219 3448 321 3515 Mane
333 3451 495 3517 salutator
507 3451 623 3516 limina
636 3449 727 3510 mille
740 3455 847 3521 teras,
