2264 3786
290 140 642 255 nelcnuuuunou
654 192 728 252 uns
743 193 765 255 1
1010 187 1049 250 ta

104 347 185 406 nis·
174 364 234 405 sam
251 362 351 424 paene
368 344 425 402 tibi
440 341 546 402 consul
562 343 734 402 tricesimus
748 343 883 431 instat,

144 431 187 490 Et
203 434 345 487 numerat
357 436 470 507 paucos
484 427 533 486 vix
546 431 599 484 tna
612 427 673 485 vita
687 425 762 485 dies.

78 514 172 574 5Non
188 513 267 571 bene
284 509 442 569 distuleris
456 509 561 568 videas
576 507 658 586 quod
671 522 762 589 posse
776 510 899 585 negari,

144 597 186 655 Et
200 594 298 654 solum
314 595 372 652 hoc
389 592 497 670 ducas,
520 591 602 671 qnod
615 592 692 669 luit,
715 610 783 651 esse
798 597 891 654 tunm.

102 681 276 758 Expectant
291 694 443 754 curaeque
458 676 652 753 catenatique
666 676 805 752 labores,

147 760 266 822 Gaudia
280 780 342 819 non
358 764 535 835 remanent,
557 758 613 817 sed
627 759 754 836 fugitiva
767 756 880 817 volant.

103 847 190 906 Haec
203 850 333 922 utraque
348 862 438 902 manu
452 840 673 922 complexuque
688 860 792 901 assere
807 849 889 900 toto:

56 942 96 992 10
145 929 244 1009 Saepe
257 929 356 987 tinent
366 927 427 985 imo
442 927 487 985 sic
502 943 623 1004 quoque
636 924 722 1004 lapsa
736 927 812 984 sinu.

103 1013 171 1072 Non
190 1020 254 1088 est,
277 1010 371 1071 crede
385 1009 477 1087 mihi,
498 1009 645 1087 sapientis
661 1008 768 1068 dicere
781 1008 946 1086 „Vivam:“

146 1097 223 1155 Sera
236 1095 328 1154 nimis
339 1095 401 1153 vita
415 1099 464 1152 est
477 1093 625 1152 crastiua:
644 1094 711 1152 vive
724 1091 827 1154 hodie.

495 1225 576 1290 XVI.

106 1341 184 1400 Sunt
197 1342 292 1416 bona,
315 1346 385 1401 snut
400 1337 547 1418 quaedam
561 1339 744 1416 mediocria,
766 1345 837 1399 sunt
851 1339 931 1398 mala
941 1339 1030 1419 plura

146 1424 231 1500 Quae
245 1422 324 1500 legis
337 1423 403 1482 hic:
426 1423 516 1484 aliter
529 1442 590 1482 non
604 1424 656 1501 iit,
678 1423 783 1501 Avite,
803 1422 893 1484 liber.

435 1540 439 1547 ’
485 1557 578 1619 xvu.

105 1670 195 1746 Cogit
208 1686 258 1727 me
273 1668 363 1728 Titus
378 1670 506 1729 actitare
521 1688 625 1729 causas

104 1754 145 1812 Et
159 1752 236 1812 dicit
249 1752 324 1811 mihi
340 1770 433 1832 saepe
448 1753 583 1830 „Magna
595 1770 646 1811 rea
662 1751 743 1811 est‘i

104 1837 165 1897 Res
182 1853 290 1913 magna
303 1843 368 1913 est,
386 1837 475 1912 Tite,
498 1854 586 1913 quam
601 1835 676 1894 iacit
690 1833 826 1897 colonus.

485 1947 589 2009 XVlll.

108 2044 192 2124 Quid
206 2053 255 2122 te,
278 2045 396 2123 Tucca,
417 2046 498 2105 iuvat
510 2046 612 2106 vetulo
626 2048 756 2107 miscere
767 2044 902 2105 Falerno

146 2130 180 2206 ln
197 2129 353 2191 Vaticanis
368 2127 489 2188 condita
505 2137 602 2189 musta
616 2129 723 2190 cadis?

106 2212 188 2290 Quid
201 2210 320 2271 tantum
332 2212 438 2271 fecere
452 2214 524 2272 boni
539 2214 596 2272 tihi
611 2214 743 2292 pessima
756 2214 847 2272 vinei

146 2298 211 2356 Ant
226 2294 299 2374 quid
312 2293 456 2355 fecerunt
471 2299 584 2377 optima
597 2299 666 2357 vina
679 2295 773 2356 mali‘i

84 2382 152 2440 alie
168 2380 258 2438 nobis
272 2378 363 2439 facile
378 2386 443 2457 est,
465 2380 564 2441 scelus
579 2388 628 2440 est
640 2379 778 2458 iugulare
791 2378 957 2438 Falernum

147 2465 189 2524 Et
205 2461 278 2522 dare
294 2463 446 2542 Campano
463 2464 563 2523 toxica
577 2483 665 2523 saeva
679 2462 762 2522 cado.

106 2547 258 2608 Convivae
273 2564 414 2606 mernere
430 2547 475 2605 tui
487 2546 619 2607 fortasse
633 2547 752 2626 perire:

95 2708 103 2717 .
150 2630 306 2709 Amphora
322 2649 384 2689 non
397 2631 510 2689 meruit
522 2635 584 2689 tam
600 2630 737 2713 pretiosa
753 2631 840 2688 mori.

501 2763 581 2828 XIX.

109 2877 148 2943 Si
157 2877 301 2954 memini,
322 2876 446 2937 fuerant
460 2878 516 2936 tibi
532 2884 692 2956 quattuor,
714 2876 817 2953 Aelia,
840 2875 965 2935 dentes:

149 2960 276 3041 Expulit
289 2979 349 3018 una
364 2959 440 3020 dnos
453 2960 545 3020 tussis
560 2967 593 3020 et
607 2981 666 3021 nna
681 2959 765 3021 duos

108 3042 169 3103 lam
184 3062 292 3103 secura
305 3049 394 3124 potes
407 3046 481 3103 totis
496 3045 608 3104 tussire
623 3044 747 3104 dicbus:

150 3125 202 3187 Nil
215 3128 286 3249 istic
301 3126 384 3206 quod
398 3134 466 3205 agat
478 3129 573 3187 tertia
585 3129 677 3187 tussis
692 3129 792 3187 habet.

504 3241 570 3302 XX.

109 3282 166 3398 llic
180 3339 271 3416 mihi,
293 3341 360 3419 quis
373 3339 462 3400 furor
475 3340 545 3399 est?
565 3342 656 3400 turba
669 3344 827 3419 spectante
841 3340 946 3394 vocata

153 3421 246 3483 Solus
259 3421 409 3504 boletos,
418 3421 609 3501 caeciliane,
630 3441 726 3482 voras.
