2264 3786
104 211 165 279 ato
308 232 312 242 ·
421 216 465 277 ιι.
481 214 572 277 vau.
588 164 811 275 monrmurs
898 176 905 191 “

187 371 312 434 Viribus
326 368 377 428 hic
390 368 478 448 operi
491 385 553 427 nou
566 373 631 443 est,
653 366 704 426 bic
718 364 835 425 inutiIis
850 367 956 426 anuis:
977 394 980 398 “

230 455 313 530 Ergo
326 454 396 513 sinc
412 452 528 512 effectu
540 451 641 531 prurit
654 452 778 529 utrique
791 448 892 517 labor.

166 536 325 623 5Supplcx
337 534 390 597 Illa
402 539 489 612 rogat
504 553 561 614 pro
576 552 609 593 se
625 533 806 612 miserisque
823 531 964 610 duobus,

229 612 343 681 Hunc'
334 617 599 695 iuvenemiacias‚
619 617 717 695 hunc,
739 616 912 696 Cytherea,
934 618 1043 679 vitum.

553 778 701 840 LXXXII.

191 912 218 969 A
236 909 429 968 Sinuessanis
443 908 567 968 conviva
581 905 787 966 Philostratus
798 903 890 965 undis
961 948 965 953 -

231 990 421 1052 Conductum
434 997 581 1069 repetens
594 995 687 1049 nocte
701 990 827 1049 iubente
841 988 943 1048 larem

189 1076 292 1135 Paene
306 1075 440 1133 imitatus
455 1075 521 1133 obit
537 1074 633 1132 saevis
647 1072 803 1153 Elpenora
816 1072 906 1150 fatis,

230 1158 384 1236 Praeceps
397 1160 455 1236 per
468 1156 576 1235 longos
592 1156 663 1216 dum
676 1159 740 1216 ruit
751 1169 848 1235 usquc
864 1152 989 1234 padus

167 1241 258 1305 5Non
276 1245 375 1318 esset,
396 1240 570 1320 Nymphae,
591 1245 653 1299 tam
666 1259 774 1320 magna
785 1239 925 1319 pericula
938 1250 1064 1320 passus,

234 1325 268 1384 Si
281 1324 385 1404 potius
398 1330 516 1385 vestras
530 1323 585 1385 illc
598 1324 729 1384 bibisset
743 1341 843 1404 aquas.

540 1505 700 1567 LXXXIII.
774 1538 778 1546 .

194 1633 290 1693 Nemo
304 1633 423 1695 habitat
436 1634 530 1712 gratis
546 1635 606 1694 nisi
621 1633 705 1693 dives
721 1639 754 1695 et
768 1633 861 1693 orbus
875 1629 961 1712 apud
973 1639 1017 1695 te.

230 1717 325 1778 Nemo
339 1716 459 1779 domum
471 1716 584 1797 pluris,
607 1717 782 1795 Sosibiane‚
802 1715 891 1776 locat.

542 1895 705 1958 cxxxiv.
720 1869 726 1873 ’

192 2022 252 2097 Qui
267 2022 401 2084 nondum
416 2025 536 2103 Stygias
552 2022 743 2084 descendere
758 2022 879 2103 quaerit
893 2019 935 2081 ad
951 2023 1089 2097 umbras,

234 2105 406 2166 Tonsorem
421 2108 534 2186 fugiat,
557 2109 583 2166 si
598 2108 693 2186 sapit,
715 2107 909 2181 Antiochum

191 2185 271 2248 Alba
284 2190 382 2250 minus
400 2192 496 2251 saevis
510 2190 684 2250 lacerantur
699 2176 822 2255 brachia
836 2186 964 2271 cultris,

233 2271 309 2332 Cum
323 2273 399 2334 furit
415 2273 454 2334 ad
467 2274 617 2353 Phrygios
633 2263 746 2334 enthea
759 2274 849 2335 turba
862 2266 983 2335 modos.

170 2355 299 2416 nMitius
313 2356 477 2437 implicitas
491 2356 589 2418 Alcon
602 2365 686 2417 secat
703 2344 896 2416 enterocelas

233 2441 405 2521 Fractaque
419 2440 524 2502 fabrili
537 2440 664 2502 dedolat
677 2461 745 2501 ossa
758 2459 856 2500 manu.
952 2432 960 2449 ⁸

192 2521 335 2584 Tondeat
349 2525 422 2584 hic'
413 2545 521 2605 inopes
537 2527 669 2605 Cynicos
683 2531 716 2585 et
728 2524 843 2585 Stoica
846 2531 954 2583 menta

233 2605 383 2686 Collaque
398 2608 545 2689 pulverea
557 2608 655 2669 nudet
668 2609 779 2687 equina
792 2607 872 2667 iuba

191 2689 250 2747 Hic
267 2693 410 2751 miserum
426 2693 569 2772 Scythica
581 2695 637 2753 sub
654 2711 731 2771 rupe
746 2677 934 2757 Promethea
947 2690 1055 2768 radat,

152 2782 185 2832 10
233 2773 415 2835 Carnificem
428 2777 509 2835 nudo
524 2784 652 2856 pectore
666 2782 775 2856 poscet
789 2793 882 2835 avem.

191 2853 239 2914 Ad
254 2863 380 2917 matrem
396 2859 493 2934 fugiet
505 2860 678 2936 Pentheus,
702 2859 742 2918 ad
755 2856 922 2919 Maenadas
938 2859 1084 2940 Orpheus
1092 2901 1105 2935 ‚.

208 2941 378 3000 Antiochi
393 2949 508 3001 tantum
522 2943 652 3003 barbara
665 2941 730 3002 tela
744 2949 862 3003 sonent.

192 3023 278 3083 Haec
292 3043 490 3104 quaecunque
505 3044 574 3086 meo
588 3028 755 3087 numeratis
769 3028 911 3104 stigmata
924 3031 1052 3105 mento,

235 3108 270 3167 ln
287 3107 384 3169 vetuli
399 3116 508 3189 pyctae
524 3108 625 3188 qualia
638 3111 742 3172 fronte
758 3108 885 3187 sedent,

151 3190 258 3251 15Ncn
272 3191 427 3253 iracundis
440 3194 518 3252 fecit
532 3196 631 3272 gravis
646 3196 795 3271 unguibus
810 3212 902 3268 urar;

201 3298 211 3333 s
234 3275 383 3349 Antiochi
394 3277 509 3336 ferrum
526 3283 620 3336 estet
635 3277 783 3337 scelerata
797 3295 914 3339 manus.

62 3364 65 3370 '
185 3360 273 3421 Unus
290 3359 330 3422 de
346 3363 466 3424 cunctis
483 3359 663 3422 animalibus
672 3361 781 3420 hircus
790 3360 888 3420 habet
899 3378 971 3422 cor:

217 3445 382 3510 Barbatus
397 3451 495 3530 vluit,
514 3465 556 3509 ne
569 3445 657 3506 terat
674 3443 870 3504 hutiocbum.
896 3468 901 3479 =
