2264 3786
87 225 151 310 ‚1⁵2
235 196 239 205 '
307 291 317 306 ,
405 223 450 286 Μ.
464 223 556 286 vsu.
571 213 793 288 mensuum

171 376 255 437 Uxor
270 375 396 443 moecbe
408 374 468 434 tibi
483 373 555 433 esti
567 373 628 432 boe
642 370 680 432 ud
693 377 726 431 te
739 368 981 450 pertinet,.01e.

69 508 73 518 .
214 459 319 519 Poscit
336 460 396 518 ism
412 456 515 520 dotem
529 453 594 515 tilis
609 452 745 532 grundiss
766 461 799 514 et
811 455 880 514 boc.
930 518 934 530 ¹

130 551 163 606 15
170 541 281 603 Dicere
296 539 495 620 quindeciens
508 545 666 619 poteram,
683 536 765 618 quod
779 539 917 616 pertinet
930 536 968 597 ud
982 544 1031 599 te:

215 624 277 686 Sed
292 623 365 703 quid
379 641 465 702 egos,
486 622 525 701 sd
537 641 586 683 me
599 623 752 702 pertinet,
773 619 851 699 Ole,
873 618 961 681 nibil.

576 754 627 818 xl.

172 871 264 948 Cogis
278 887 326 928 me
341 866 453 928 colamo
466 885 616 946 manuque
631 872 737 927 nostro

171 952 344 1013 Emendare
358 969 460 1028 meos,
477 950 616 1028 Pudens,
634 947 769 1010 libellos.

173 1037 199 1096 0
215 1054 302 1112 quum
315 1053 364 1093 me
378 1033 501 1093 nimium
515 1035 626 1113 probos
643 1049 802 1111 amesque,

174 1119 233 1194 Qui
246 1119 292 1177 vis
307 1117 488 1196 archetypos
501 1117 617 1177 babere
630 1117 740 1194 nugas!

525 1301 529 1308 .
576 1248 639 1311 XII.

55 1374 61 1382 ‘
175 1360 227 1423 Sic
240 1380 290 1423 me
302 1363 408 1423 fronte
420 1361 505 1441 legat
518 1362 671 1439 dominus,
691 1362 855 1441 Faustino,
875 1381 986 1425 serens
1001 1373 1008 1380 '

87 1511 96 1519 ‚
214 1447 414 1526 Excipiatque
427 1464 530 1524 meos,
552 1440 610 1524 qus*
624 1445 705 1507 solet
720 1464 809 1522 sure,
830 1448 932 1525 iocos,

68 1590 85 1605 ,
173 1529 216 1591 Ut
230 1548 298 1590 mee
311 1547 370 1589 nee
382 1531 463 1591 iuste
477 1548 554 1608 quos
571 1529 652 1606 odit,
673 1531 782 1609 pagins
796 1527 905 1608 laesit,

213 1613 255 1674 Et
267 1613 343 1673 mihi
357 1611 397 1675 de
411 1611 494 1673 nullo
509 1614 589 1673 ieme
601 1615 715 1674 rubore
731 1610 843 1693 placet.

152 1695 256 1772 5de
270 1695 414 1776 prodest,
436 1697 558 1776 cupiunt
572 1716 639 1757 cum
653 1695 774 1775 quidum
787 1701 894 1757 nostro
905 1695 1022 1774 sideri,

215 1779 249 1839 Si
263 1799 322 1858 qus
335 1779 507 1859 Lycambeo
523 1782 668 1858 sunguine
683 1777 749 1840 tels
761 1778 908 1840 madenti

105 1908 111 1919 s
172 1863 401 1945 Vipereumque
414 1869 537 1924 voment
549 1870 655 1923 nostro
671 1865 727 1924 sub
742 1863 865 1923 nomine
878 1864 978 1942 virus,

215 1947 275 2022 Qui
286 1947 405 2009 Phoebi
419 1945 521 2007 radios
532 1947 618 2007 ferre
634 1945 776 2025 diemque
791 1946 928 2023 neganti

174 2029 319 2089 Ludimus
334 2030 474 2089 innocui:
495 2030 555 2089 sois
569 2029 628 2089 hoc
642 2032 737 2090 bene:
758 2031 826 2090 iuro
841 2029 980 2109 potentis

131 2122 166 2173 10
211 2113 275 2172 Per
289 2113 410 2189 genium
424 2112 535 2171 anse
552 2109 777 2192 Castaliumque
792 2130 917 2190 gregem

173 2195 295 2272 Perque
310 2199 378 2255 tuus
391 2212 496 2271 eures,
517 2195 618 2272 mogni
632 2196 706 2256 mibi
719 2197 851 2257 numinis
864 2196 980 2273 instar,

213 2278 343 2356 Lector,
363 2278 525 2338 inbumsns
536 2275 620 2338 liber
634 2279 671 2340 sb
684 2278 806 2346 invidio.

519 2410 521 2417 ’
564 2419 641 2483 Xlll.

177 2535 255 2595 Dum
270 2534 441 2596 Tiburtinis
456 2533 614 2595 albescere
628 2532 744 2595 solibus
758 2533 843 2594 cudit
940 2553 957 2583 ··

95 2618 98 2623 ’
215 2619 343 2696 Antiqui
357 2617 460 2678 dentis
471 2619 556 2678 fusco
570 2618 698 2697 Lycoris
713 2619 805 2694 ebus,

174 2701 269 2763 Venit
282 2703 315 2761 in
327 2699 498 2761 Herculeos
513 2699 619 2762 colles.
648 2700 729 2777 Quid
746 2701 872 2761 Tiburis
886 2699 942 2763 elti

214 2785 298 2845 Auro
311 2781 408 2844 volet!
436 2783 533 2845 Parvo
547 2788 688 2864 tempore
703 2785 791 2877 nigro¹
804 2783 896 2845 redit.
958 2814 961 2819 >

545 2902 644 2980 'xiv.

173 3026 296 3089 Accidit
314 3027 470 3089 infandum
484 3035 608 3090 nostroe
622 3027 738 3107 scelus,
760 3030 839 3090 Aule
845 3034 860 3109 ‚‘
875 3026 1014 3110 puellae:

216 3112 327 3172 Amisit
340 3110 425 3173 lusus
439 3112 624 3190 delicissque
638 3131 725 3186 suss3

174 3196 243 3255 Non
258 3193 363 3272 quoles
376 3198 477 3257 teneri
491 3194 623 3274 ploravit
641 3197 735 3257 emico
750 3195 865 3258 Catulli

215 3278 343 3356 Lesbis,
362 3280 509 3358 nequitiis
522 3280 657 3358 passeris
671 3282 747 3339 orbo
761 3283 824 3356 sui,
910 3308 912 3315 ·

145 3371 162 3420 5
176 3359 234 3423 Vel
246 3361 369 3424 Stellae
385 3368 507 3425 conteis
519 3381 589 3423 meo
603 3382 680 3442 quus
692 3363 930 3438 deuitlsntbis„
995 3398 1005 3407 -

197 3445 299 3510 Cuius
312 3450 345 3511 in
360 3447 476 3532 Elysio
489 3450 583 3531 nigro
595 3446 743 3510 columbo
751 3442 848 3506 solute
