2264 3786
45 109 107 172 ιιι
364 64 753 173 novunnrsarrsnrs

169 259 311 339 Haedos,
332 263 487 323 inhumani
501 267 605 342 raptus
620 263 657 322 ah
673 259 827 340 curalupi,

88 348 167 408 lilii
183 365 260 424 qnae
274 364 336 404 non
349 353 461 424 egeant
474 346 560 405 ferro
574 346 736 405 structoris
750 343 882 424 ofellae,

171 430 212 489 Et
227 429 295 488 saba
310 429 468 489 fabrorum
481 430 708 509 prototomique
721 425 831 488 rudes·
853 452 859 465 ·

127 511 234 572 Pullus
249 511 376 573 adhaec
392 513 537 591 cenisque
551 513 649 571 trihus
662 513 722 573 ianr
735 529 832 590 perna
845 520 1007 593 superstes

168 595 326 669 Addetur3
347 597 457 655 saturis
473 597 558 655 mitia
570 614 659 673 poma
673 593 767 672 dabo,
1076 602 1085 615 ⁸

127 680 173 740 De
185 680 374 738 Nomentana
387 681 488 739 vinum
501 679 567 738 sine
581 677 668 738 faece
684 676 810 756 lagona,

85 772 120 824 20
166 763 251 838 Quae
264 757 311 822 bis
324 763 473 822 Frontino
491 759 616 822 consule
629 760 726 841 prima
738 760 807 823 fuit.

128 844 288 906 Accedunt
302 847 368 903 aine
381 843 458 904 felle
475 846 536 904 ioci
550 863 608 904 nec
622 863 710 906 mane
723 843 860 905 timenda

169 930 310 988 Libertas
325 936 358 986 et
370 927 414 986 nil
429 926 511 1006 quod
524 930 655 988 tacuisse
672 928 758 988 velis.

128 1013 174 1071 De
189 1012 312 1090 prasino
328 1011 451 1069 conviva
465 1028 550 1070 meus
562 1017 735 1090 venetoque
747 1009 911 1089 loquatur,

168 1094 232 1154 Nec
247 1093 364 1154 faciunt
379 1111 559 1172 quemquam
574 1094 683 1174 pocula
698 1100 803 1156 nostra
815 1111 914 1155 reum.

506 1227 611 1291 XLIX.

128 1340 204 1401 (ium
219 1344 308 1417 potes
323 1339 542 1417 amethystinos
554 1341 685 1399 trientes

127 1425 168 1482 Et
180 1423 269 1500 nigro
283 1421 405 1482 madeas
420 1422 595 1502 Opimiano,

127 1506 276 1585 Propinas
290 1505 379 1564 modo
397 1506 553 1567 conditum
567 1506 710 1567 Sabinum

127 1592 169 1651 Et
182 1589 257 1649 dicis
274 1590 364 1667 mihi,
386 1590 476 1651 Cotta
489 1589 567 1666 „Vis
580 1590 614 1648 in
628 1609 700 1650 auro
707 1589 746 1648 i“

106 1675 293 1752 5Qnisquam
310 1671 453 1753 plumbea
465 1674 535 1733 vina
547 1671 613 1733 volt
624 1674 658 1732 iu
671 1673 771 1732 auro?

127 1922 261 1997 Frangat
272 1918 426 1978 Idumaeas
439 1920 538 1987 tristis
552 1920 691 1982 Victoria
701 1917 834 1999 palmas,

169 2003 301 2079 Plange‚
321 2000 437 2077 Fauor,
458 2021 546 2062 saeva
559 2009 685 2081 pectora
699 2002 779 2063 unda
796 2020 896 2063 manu.

127 2086 230 2147 Mutet
244 2086 351 2144 Honor
366 2083 465 2144 cultus
480 2091 512 2144 et
526 2087 639 2164 iniquis
654 2105 779 2146 munera
793 2087 924 2147 flammis

168 2170 262 2230 Mitte
277 2174 453 2245 coronatas,
475 2167 581 2228 Gloria
595 2175 723 2246 maesta,
748 2188 858 2230 comas.

103 2253 196 2313 olleo
210 2252 341 2313 facinus!
362 2253 460 2330 prima
472 2250 646 2329 fraudatus,
668 2254 801 2333 Scorpo,
819 2253 946 2312 iuventa

169 2335 292 2397 Occidis
306 2342 338 2396 et
351 2337 455 2413 nigror
470 2342 532 2394 tam
546 2336 607 2396 cito
621 2336 722 2415 iungis
738 2354 843 2413 equos.

128 2421 276 2480 Curribus
288 2418 342 2479 ffla
355 2421 416 2479 tuls
430 2437 552 2499 semper
565 2432 730 2498 properata
742 2420 909 2499 brevisque

168 2505 232 2563 Cur
244 2503 304 2563 fuit
319 2509 352 2562 et
364 2505 443 2563 vitae
456 2508 518 2563 tam
532 2521 630 2584 prope
644 2510 724 2563 meta
736 2503 831 2563 tnae‘i

530 2634 578 2697 LI.

130 2747 241 2809 Sidera
254 2749 314 2809 iam
329 2748 443 2828 Tyrius
455 2751 581 2811 Phrixei
595 2751 723 2831 respicit
737 2749 806 2828 agni

171 2831 290 2892 Taurus
304 2838 338 2893 et
352 2832 502 2893 alternum
516 2835 644 2895 Castora
659 2834 738 2912 fugit
751 2834 868 2906 hiema;

127 2916 221 2976 Ridet
235 2934 323 2995 ager,
344 2918 473 2977 vestitur
488 2918 613 2996 humus,
633 2919 810 2978 restitaret
825 2917 936 2993 arbor,

168 3000 325 3061 Ismarium
336 2999 441 3080 pellea
455 3003 557 3063 Attica
569 3001 670 3080 plorat
683 3002 761 3080 Ityn

103 3085 225 3161 5Qnos,
244 3084 406 3164 Faustina,
427 3083 509 3164 dies,
531 3085 637 3164 quales
650 3086 707 3145 tibi
720 3085 815 3145 Roma
826 3082 993 3145 Ravennae
1039 3155 1043 3161 ,

69 3232 73 3240 ,
168 3167 319 3229 Abstulit!
340 3168 472 3247 orales,
495 3170 661 3230 otnulcata
677 3168 780 3246 quiea!

128 3251 154 3309 0
168 3271 290 3331 nemus,
311 3272 328 3312 o
343 3253 445 3313 fontes
459 3249 650 3329 solidumque
663 3251 813 3312 madentis
827 3252 964 3313 harenae
1022 3302 1027 3313 .

168 3334 253 3396 Litus
269 3343 302 3397 et
314 3338 476 3416 aequoreis
492 3333 670 3415 splendidus
685 3337 789 3397 Anxur
800 3337 903 3416 aquis,
926 3400 929 3405 ,
