2264 3786
89 209 149 272 190
405 207 452 270 M.
467 205 796 270 mullinaricus
834 249 837 254 -

170 355 294 418 Excidit
307 359 437 429 attonito
451 359 572 439 pinguis
588 357 717 421 Galatea
730 366 858 439 poetae,

214 441 373 521 Thestylis
388 448 421 503 et
433 444 542 503 rubras
556 444 704 502 messibus
720 449 788 502 usta
803 460 913 519 genas:

170 525 315 584 Protinus
329 526 461 585 lrhnran
478 528 619 606 concepit
635 533 668 586 et
681 544 769 585 canc
783 544 959 606 vruunouu,

128 617 163 669 20
211 609 270 685 Qui
285 608 374 668 modo
390 610 439 669 vix
454 608 592 669 Culicem
606 609 735 669 fleverat
750 627 804 668 ore
818 609 897 669 rudi.

172 691 253 768 Quid
266 693 377 754 Varios
390 687 572 770 Marsosque
587 690 695 770 loquar
710 691 867 771 ditataque
881 699 982 752 vatum
1003 715 1020 723 ·’

211 775 355 851 Nomina,
375 794 500 853 magnus
515 777 577 836 erit
591 794 667 854 quos
681 792 844 841 numerare
857 774 968 836 labor?

168 860 251 936 Ergo
267 873 323 936 ego
339 857 513 936 Vergilius,
534 860 561 918 ai
575 877 702 919 munera
715 858 906 919 Maecenatis
951 920 953 929 s

211 943 273 1001 Des
288 942 385 1001 mihi?
413 940 569 1019 Vergilius
581 960 644 1000 non
657 959 732 1022 cro,
753 941 874 1003 Marsua
891 960 955 1002 cro.

466 1116 468 1118 ,
484 1040 495 1067 '
558 1052 650 1119 LVII.

44 1202 47 1207 .
172 1150 252 1210 Tres
268 1150 374 1209 habuit
390 1147 517 1230 dentes,
538 1153 656 1232 paritor
670 1171 747 1233 quos
762 1153 868 1233 expuit
882 1171 1003 1231 omnes,

213 1232 263 1293 Ad
277 1231 425 1297 tumulum
439 1233 550 1299 Picens
565 1234 638 1297 dum
650 1235 741 1296 sedet
753 1237 820 1316 ipse
834 1254 937 1311 suum3

172 1315 368 1395 Collegitque
383 1319 450 1378 sinu
464 1318 636 1398 fragmenta
650 1321 812 1381 novissima
823 1318 885 1380 laxi

213 1399 283 1460 Oris
299 1407 333 1460 ct
347 1409 469 1480 aggesta
486 1402 703 1465 contumulavit
717 1404 819 1466 humo.

149 1483 251 1544 50ssa
264 1482 340 1544 licet
358 1484 509 1565 quondam
523 1485 662 1562 defuncti
676 1507 739 1546 non
754 1485 839 1565 legat
851 1489 959 1547 heres:

212 1568 280 1628 Hoc
294 1568 354 1629 sibi
367 1570 426 1630 iam
441 1569 552 1641 Picens
566 1571 724 1652 praestitit
740 1569 883 1633 officium.

553 1679 656 1744 LVlll.

114 1832 117 1844 Α
171 1738 248 1833 (ihm
260 1775 318 1834 tibi
332 1780 394 1834 tam
409 1791 530 1833 crassae
544 1775 621 1852 sint,
642 1770 857 1850 Artemidoro,
873 1772 1031 1851 lacernae,

211 1857 331 1918 Possim
344 1864 377 1919 tc
392 1857 529 1936 Sagarim
542 1859 734 1918 iurevocarc
745 1857 826 1915 mco.

560 1949 690 2029 [ΠΜ
719 1978 741 2012 2
762 1952 848 2018 lutri

114 2062 122 2079 ⁸
169 2061 289 2140 Aspicis
303 2060 384 2119 hunc
400 2078 460 2118 uuo
475 2064 652 2118 contentum
666 2056 797 2140 lumine,
819 2062 902 2121 cuius

210 2143 308 2223 Lippa
322 2143 376 2202 sub
392 2143 497 2202 attrita
512 2143 616 2202 fronte
630 2140 738 2202 lacuna
752 2144 862 2224 patet?

168 2226 215 2285 Ne
231 2232 391 2286 contemne
407 2245 441 2287 ca
462 2231 511 2305 ut,
529 2224 607 2286 nihil
622 2231 671 2286 cst
683 2226 817 2288 furacius
830 2225 903 2300 illo;

210 2308 279 2369 Non
292 2310 352 2369 fuit
361 2245 507 2388 Autolyci
521 2315 583 2370 tam
596 2311 737 2391 piperata
752 2329 866 2371 manus.

149 2393 260 2455 5Hunc
274 2400 308 2454 tu
323 2395 475 2455 convivam
491 2399 595 2454 cautus
609 2412 732 2455 servare
748 2399 915 2455 memento:

211 2478 299 2538 Tunc
312 2477 389 2538 furit
404 2482 496 2557 atque
511 2476 598 2538 oculo
614 2476 717 2538 luscus
735 2484 867 2558 utroque
881 2476 974 2550 videt.

168 2559 283 2621 Pocula
296 2559 421 2622 solliciti
436 2560 570 2641 perdunt
583 2559 753 2643 ligulasque
768 2563 900 2622 ministri

209 2645 251 2704 nt
264 2646 342 2707 latet
353 2644 387 2704 in
399 2643 505 2724 tepido
520 2643 652 2726 plurima
664 2665 773 2726 mappa
787 2647 864 2706 sinu.

169 2729 267 2806 Lapsa
280 2745 338 2788 nec
354 2749 371 2788 a
386 2729 488 2789 cubito
505 2728 676 2791 subducere
689 2729 781 2808 pallia
795 2723 896 2789 nescit

128 2822 162 2874 10
209 2811 251 2872 Et
265 2818 365 2872 tectus
376 2811 474 2872 laenis
487 2830 581 2892 saepe
597 2810 711 2871 duabus
726 2814 798 2874 abit.

169 2892 234 2956 Nec
248 2893 463 2959 dormitantem
473 2913 598 2954 vernam
610 2893 754 2954 fraudare
768 2894 892 2955 lucerna

209 2979 340 3040 Erubuit
354 2976 464 3056 fallax,
487 2976 593 3037 ardeat
607 2976 663 3039 illa
674 2976 759 3039 licet.
878 2985 881 2992 '

170 3062 203 3122 Si
218 3061 296 3121 nihil
310 3062 436 3137 invasit,
456 3079 585 3140 puerum
600 3066 674 3122 tunc
691 3068 758 3122 arte
773 3061 880 3123 dolosa

210 3145 327 3205 Circuit
343 3149 377 3203 et
390 3141 491 3204 soleas
504 3138 632 3228 surripit
643 3139 715 3227 ipse
726 3166 801 3207 suas.

565 3256 629 3318 LX.

15 3344 21 3361 ⁴
95 3344 101 3356 ’
156 3353 282 3417 Summa
296 3354 434 3422 Palatini
447 3363 575 3442 poteras
588 3373 721 3436 aequare
733 3355 874 3428 Colossi,

188 3438 229 3500 Si
242 3442 344 3506 heres
358 3446 509 3527 brevior,
530 3440 685 3520 Glanhia,
704 3432 935 3514 sesompchem.
