2264 3786
246 150 249 161 ,
304 71 725 173 rrromommrouum.
740 111 792 178 iv.
834 66 837 72 ⁴
882 116 906 127 ‘¹
1017 113 1058 181 so

114 261 178 324 Sed
190 264 250 342 iam
265 263 398 323 causaris
412 263 597 342 barbamque
613 282 767 343 annosque
780 264 931 346 pilosque.
1045 280 1048 284 ’

156 347 183 407 0
197 365 259 406 uox
273 365 361 424 quam
376 343 468 424 longa
484 364 533 425 es,
556 365 633 426 quae
647 347 724 407 iacis
737 355 798 409 uria
812 352 932 411 seueml

91 428 195 508 5Quid
208 447 264 489 uos
280 427 427 489 derides?
444 429 520 489 here
540 430 592 509 qui
605 448 698 510 puer,
719 431 831 512 Hylle,
851 435 952 512 fuisti,

153 515 211 574 liic
225 513 330 592 nobis,
350 511 445 572 liodic
460 532 517 591 qua
533 514 653 573 ratione
669 515 717 573 vir
731 517 787 576 cs?
1000 517 1005 530 ⁴

505 645 583 709 v111.

111 762 216 823 Prima
228 759 395 820 salutantes
413 763 504 839 atque
520 755 618 818 ultera
631 761 766 821 conterit
777 761 868 839 hora,

77 920 79 925 Ι
152 845 287 906 Exercet
297 861 406 903 raucos
420 842 514 901 tertia
528 840 711 902 causidicos:

110 930 145 989 lu
161 928 296 1006 quintum
310 927 409 986 varios
424 923 563 985 extendit
576 925 671 986 Roma
684 924 827 1007 labores,

153 1011 247 1073 Se'xta
260 1010 347 1090 quies
361 1008 465 1087 lassis,
487 1008 616 1095 septima
629 1009 699 1069 finis
714 1011 790 1071 erit:

88 1094 238 1158 osufficit
251 1095 283 1153 in
298 1111 408 1160 nonam
421 1090 528 1152 nitidis
543 1098 648 1152 octava
660 1090 840 1174 palaestris,

151 1179 285 1258 Imperat
300 1183 455 1238 extructos
469 1176 613 1258 frapgere
627 1188 707 1248 nona
720 1182 821 1237 toros:

109 1263 195 1323 Horu
209 1259 385 1321 libellorum
403 1258 521 1319 decima
537 1265 601 1336 est,
621 1259 798 1341 Eupheme,
820 1264 955 1326 meorum
961 1310 970 1344 ,

151 1345 319 1424 Temperat
332 1345 497 1403 ambrosias
513 1362 579 1402 oum
593 1348 645 1402 tua
660 1363 732 1403 cura
746 1342 858 1426 dapes,

107 1429 150 1490 ut
164 1429 262 1488 bouus
277 1427 416 1488 aetherio
430 1425 550 1488 laxatur
564 1433 690 1486 nectare
706 1427 819 1489 Caesar

66 1523 101 1575 10
148 1511 331 1591 Ingentique
344 1517 433 1571 tenet
446 1508 555 1592 pocula
569 1528 662 1589 parca
674 1520 773 1571 manu.

108 1595 197 1657 Tunc
212 1594 339 1655 admitte
352 1595 454 1655 iocos:
476 1611 584 1670 gressu
601 1593 690 1654 timet
703 1595 751 1654 ire
764 1592 872 1656 licenti
953 1623 957 1632 ¹

147 1677 199 1740 Ad
211 1679 390 1740 matutinum
404 1681 510 1739 nostru
524 1673 635 1739 Thalia
647 1676 756 1740 lovem.

513 1823 555 1886 IX

107 1939 200 2002 Sotae
216 1937 280 2000 iilia
296 1936 416 2017 clinici,
434 1936 579 2016 Fabulla,

105 2024 239 2084 Deserto
254 2024 394 2103 sequeris
408 2021 532 2101 Clytum
546 2023 656 2082 morito

105 2108 147 2170 Et
161 2106 256 2168 donas
271 2113 304 2168 et
318 2125 412 2167 amas:
434 2100 514 2185 ἔχεις
525 2096 667 2179 ἀσώτως.

518 2234 555 2296 Χ.

105 2351 184 2411 Ι)-ιιιιι
197 2355 293 2410 no'vus
306 2354 356 2411 est
367 2356 437 2410 resa
450 2368 508 2410 uec
524 2349 622 2409 adhuc
637 2349 712 2409 mihi
725 2347 830 2408 fronte
843 2343 983 2426 libellus,

99 2443 103 2450 '
147 2434 263 2513 Pagina
280 2432 351 2495 dum
364 2435 448 2512 tangi
462 2452 524 2493 non
538 2434 618 2493 bene
634 2433 716 2491 sicca
730 2432 835 2510 timet,
945 2460 947 2465 ·

104 2516 210 2598 lpuer
227 2522 259 2577 et
274 2537 343 2578 caro
358 2517 466 2598 perier
478 2515 548 2575 lere
562 2525 668 2575 munus
684 2515 796 2592 amico,

148 2601 208 2678 Qui
222 2601 336 2666 meruit
346 2620 441 2680 nugas
455 2600 571 2680 primus
585 2600 701 2659 habere
716 2617 808 2660 meas.

85 2685 225 2763 occurre,
247 2682 303 2745 sed
316 2685 500 2744 instructus:
519 2684 682 2743 comitetur
695 2682 810 2743 Punica
823 2679 937 2743 librum

147 2768 296 2849 Spongia:
318 2768 494 2827 muneribus
512 2768 656 2827 convenit
668 2765 723 2827 illa
737 2768 824 2832 meis.

102 2849 172 2912 Non
185 2856 315 2932 possunt
330 2857 452 2911 nostros
466 2849 598 2929 multae,
618 2850 781 2930 Faustine‚
801 2849 914 2911 liturae

145 2933 319 2997 Emendare
336 2937 436 2995 iocos:
459 2953 519 2994 una
531 2932 626 2995 litura
637 2941 751 3016 potest.

509 3063 560 3128 XI.

101 3175 181 3236 llum
195 3177 320 3236 nimium
333 3196 410 3236 rano
425 3177 608 3237 tumefactus
620 3179 744 3238 nomine
759 3174 872 3254 gaudes

144 3259 187 3320 Et
203 3259 400 3319 Saturninum
414 3267 447 3324 ie
462 3260 562 3340 pudet
572 3278 658 3337 esse,
680 3262 791 3336 miser,

102 3342 199 3424 Impia
212 3343 375 3404 Parrhasia
389 3345 510 3404 m'ovisti
523 3340 607 3403 bella
621 3345 676 3402 sub
691 3361 776 3420 ursa,
831 3350 836 3361 “
877 3368 880 3374 ²
