2264 3786
242 167 244 172 ’
286 208 706 271 araoaammuonun.
722 210 758 272 n.
990 206 1031 270 aa

474 412 568 475 XXX.

54 529 56 533 ’
95 527 203 588 Mutua
216 527 324 601 viginti
338 529 482 587 sestertia
494 527 579 586 forte
593 527 752 604 rogabam,

137 611 221 686 Quae
234 608 283 669 vel
298 609 423 669 donanti
436 630 498 670 non
514 629 603 687 grave
618 629 723 668 munus
738 616 812 669 erat.

95 695 215 772 Quippe
229 695 394 770 rogabatur
407 693 543 773 felixque
556 700 703 770 vetusque
717 692 829 752 sodalis
892 743 902 761 ,
919 706 921 711 ’

135 778 274 838 Etcuius
288 776 369 836 laxas
385 798 454 836 arca
468 775 603 854 flagellat
618 796 699 855 opes.

74 861 125 922 51s
139 861 215 920 mihi
228 861 339 939 „Dives
355 862 433 936 erls,
456 862 482 920 ai
496 880 599 919 causas
615 859 737 938 egeris“
751 859 859 936 inquit.

139 944 227 1020 Quod
241 949 315 1023 peto
330 943 383 1021 da,
404 945 476 1004 Gai:
495 963 557 1003 non
571 952 643 1023 peto
660 940 827 1002 conallium.

472 1090 578 1151 xxxa.
690 1052 700 1152 f

97 1205 195 1284 Saepe
216 1223 273 1282 ego
288 1204 480 1264 Chrestinam
499 1204 587 1263 futui.
621 1202 682 1262 Det
697 1204 877 1281 quambene
893 1203 1035 1283 quaeris?

118 1326 120 1331 ,
138 1288 236 1373 Supra¹
250 1287 333 1367 quod
346 1289 414 1348 lieri
428 1286 490 1365 nil,
511 1288 668 1364 Marione,
687 1292 800 1367 potest.

464 1446 585 1510 XXXII.

94 1561 148 1620 Lis
162 1563 235 1620 mihi
251 1580 316 1621 cum
330 1558 425 1621 Balbo
442 1568 505 1639 est,
520 1568 554 1622 tu
567 1558 693 1623 Balbum
708 1559 868 1620 offendere
883 1579 944 1621 non
958 1563 1012 1637 via,

138 1646 281 1705 Pontice:
294 1664 361 1704 cnm
370 1644 477 1704 Licino
487 1651 544 1722 est,
555 1646 606 1707 hic
618 1661 738 1724 quoqne
748 1662 872 1721 maguus
882 1644 972 1705 homo
980 1652 1036 1706 est.

96 1728 196 1790 Vexat
209 1746 236 1787 aa
243 1747 301 1808 epe
309 1740 415 1787 ‘meum
429 1728 578 1788 Patrobas
593 1728 719 1787 confluis
734 1725 882 1809 agellum,

138 1812 253 1872 Contra
265 1812 412 1871 libertum
428 1808 568 1871 Caesaris
579 1812 626 1870 iro
641 1811 741 1871 times.

74 1895 239 1973 anbaegat
253 1903 286 1955 et
299 1895 416 1954 retinet
429 1900 566 1954 nostrum
579 1893 711 1953 Laronia
723 1911 859 1972 servum,

138 1977 319 2057 Respondes
334 1978 440 2056 „Orba
455 1976 518 2056 est,
539 1977 640 2056 dives,
662 1996 750 2055 anus,
771 1976 892 2039 vidua.“
997 2028 1010 2045 ,

96 2057 165 2121 Non
179 2062 275 2141 bene,
297 2060 390 2122 crede
403 2062 494 2140 mihi,
516 2079 603 2122 servo
618 2062 750 2121 servitur
765 2062 874 2121 amico:

140 2144 188 2203 Sit
199 2144 297 2224 liber,
319 2143 458 2204 dominus
474 2144 525 2224 qui
539 2144 622 2206 volet
636 2163 705 2205 esse
719 2163 813 2208 meus.

457 2293 589 2354 XXXIII.

98 2405 161 2465 Cur
176 2423 237 2462 non
251 2405 334 2464 basio
349 2412 398 2483 te,
413 2402 579 2465 Philaeni?
594 2404 676 2464 calua'
690 2421 733 2463 es.

99 2489 162 2547 Cur
176 2505 238 2546 non
250 2488 334 2546 basio
349 2493 398 2566 te,
413 2487 577 2547 Philaeni?
592 2487 661 2545 rufa
675 2504 718 2545 es.

99 2571 162 2632 Gur
175 2588 236 2629 uon
250 2571 334 2629 basio
348 2576 398 2649 te,
413 2568 578 2630 Philaeni?
591 2567 676 2627 lusca
690 2586 748 2627 es..

97 2654 182 2714 Haec
197 2652 249 2732 qui
261 2653 373 2733 basiat,
396 2673 413 2714 o
427 2649 583 2730 Philaeni,
603 2649 700 2745 fellat.
786 2667 789 2671 ’

458 2815 593 2880 XXXIV.

101 2927 177 2987 cum
191 2927 313 3009 placeat
326 2928 467 2990 Phileros
481 2936 545 3007 tota
558 2931 616 2990 tibi
632 2928 704 2989 doto
718 2925 915 3008 redemptus,

113 3078 118 3087 Ν
141 3012 344 3092 Trispateria
357 3020 463 3091 natos,
483 3013 586 3092 Galla,
606 3012 712 3092 perire
726 3012 815 3072 fame.

98 3093 276 3155 Praestatur
290 3115 364 3155 cano
379 3102 463 3156 tanta
476 3094 666 3174 indulgentia
680 3115 796 3171 cunno,

124 3180 127 3187 '
141 3179 237 3254 Quem
250 3197 308 3238 neo
323 3185 405 3237 casta
417 3186 521 3258 potest
534 3180 593 3240 iam
608 3177 746 3255 decuisse
762 3180 874 3240 Venus.

80 3260 285 3340 bPerpetuam
300 3261 331 3321 di
344 3268 377 3321 te
390 3263 504 3323 faciant
516 3261 682 3323 Philerotis
698 3262 840 3336 amicam,

140 3346 166 3404 0
181 3354 295 3424 mater,
318 3364 375 3425 qua
388 3363 445 3406 nee
458 3346 569 3410 Pontia
583 3344 733 3409 deterior.
