2264 3786
231 304 233 309 Ι
286 213 621 285 EPIGRAMMATON
634 213 761 277 LIBER.
943 280 952 292 ,
1014 216 1034 279 5

59 452 64 463 Ι
90 420 98 456 Ι
452 364 540 443 xm,
562 365 591 426 a.

93 484 230 547 Venerat
242 482 388 562 Europen
402 482 539 543 fraterna
551 500 608 563 per
623 500 755 562 aequora
769 490 889 545 taurus:
955 540 962 555 ,

136 568 178 626 Aa
192 586 272 626 nunc
285 564 416 626 Alciden
431 573 535 624 taurus
548 566 581 624 In
596 572 677 624 astra
690 565 771 627 tulit.
944 575 947 581 '

94 651 234 712 Caesaris
249 656 340 728 atque
354 650 432 708 lovis
447 649 553 707 confer
566 667 662 726 nunc,
679 650 773 727 fama,
794 652 951 711 iuvencos:

136 733 196 792 Par
210 751 286 792 onus
299 738 333 792 at
346 730 492 809 tulerint,
514 730 603 791 altius
616 732 675 792 iste
690 732 771 792 tulit.

477 864 569 927 XVII.
667 868 670 877 '

93 975 183 1055 Quod
196 978 264 1057 pius
279 982 312 1036 et
326 975 454 1057 supplex
468 974 595 1056 elephas
605 982 657 1055 te,
679 977 807 1056 Caesar,
827 977 934 1039 adorat
1000 1036 1002 1043 .

136 1062 195 1120 Hic
210 1057 300 1120 modo
315 1061 367 1139 qui
384 1066 471 1119 tauro
487 1066 549 1119 tam
564 1060 745 1121 metuendus
761 1069 844 1138 erat,

92 1145 160 1204 Non
174 1144 249 1203 facit
262 1143 321 1202 hoc
336 1144 435 1203 Iussus
449 1141 597 1221 nulloque
612 1142 743 1203 docente
758 1147 918 1223 magistro:

134 1225 236 1288 crede
250 1227 340 1304 mihi,
361 1230 498 1285 nostrum
512 1228 608 1286 sentit
621 1233 654 1287 et
666 1222 721 1287 ille
737 1227 836 1290 deum.

384 1350 386 1355 ’
468 1358 574 1421 XVIII.

92 1474 243 1534 Lambere
261 1474 362 1534 securi
377 1472 515 1535 dextram
529 1480 675 1534 consueta
686 1475 824 1553 magistri

136 1558 240 1636 Tigris
252 1559 288 1617 ab
303 1558 447 1636 Hyrcano
462 1557 558 1636 gloria
572 1578 641 1617 rara
654 1559 742 1636 iugo,

93 1640 189 1700 Saeva
203 1641 303 1700 ferum
314 1640 422 1700 rabido
437 1639 585 1727 laceravit
600 1640 694 1700 dente
706 1639 845 1700 leonem:

134 1724 196 1783 Res
212 1743 304 1800 nova,
324 1743 387 1783 non
401 1722 471 1784 ullis
487 1725 607 1801 cognita
620 1725 818 1803 temporibus.

71 1809 175 1868 5Ausa
190 1814 239 1866 est
251 1805 315 1867 tale
328 1805 421 1884 nihil,
443 1806 526 1866 silea
544 1806 615 1865 dum
627 1808 702 1866 vixit
715 1809 747 1866 in
762 1805 847 1865 altis:

134 1891 299 1970 Postquam
313 1892 395 1955 Inter
409 1908 465 1950 uos
480 1895 544 1968 cst,
564 1887 634 1970 plus
648 1890 782 1949 feritatis
796 1890 898 1951 habet.

364 2024 368 2033 '
481 2022 557 2086 XIII.

93 2135 152 2210 Qui
166 2132 255 2192 modo
269 2152 327 2212 per
340 2141 435 2195 totam
448 2137 576 2195 flammis
590 2133 760 2196 stimulatus
774 2136 918 2197 harenam

134 2214 309 2276 Sustulerat
322 2225 424 2296 raptas
437 2227 542 2279 taurus
558 2219 591 2277 iu
605 2228 686 2278 astra
699 2218 788 2298 pilas,

92 2300 242 2359 Occubuit
256 2299 379 2361 tandem
390 2321 483 2360 cornu
497 2303 618 2381 potIore
632 2303 762 2380 petitus,

133 2384 211 2443 Dum
224 2381 347 2443 facflem
363 2382 434 2446 tolli
448 2387 492 2447 sic
507 2384 670 2464 elephanta
683 2392 779 2464 putat.

367 2582 370 2587 ,
486 2518 551 2579 ΧΧ.

92 2627 167 2688 Cum
181 2633 305 2708 peteret
317 2648 388 2708 pars
401 2630 478 2688 haec
488 2629 653 2706 Myrinum,
668 2645 738 2706 pars
754 2625 809 2687 illa
823 2628 1032 2707 Triumphum,
1106 2654 1109 2661 ·

131 2711 277 2772 Promisit
292 2714 410 2791 pariter
423 2712 536 2771 Caesar
549 2720 678 2790 utraque
693 2730 790 2773 manu.

90 2795 158 2854 Non
173 2796 274 2873 potuit
281 2794 395 2855 ,melius
408 2794 495 2855 lItem
509 2796 599 2854 finire
614 2796 755 2855 iocosam.

132 2877 159 2937 0
175 2877 264 2938 dulce
277 2879 383 2943 inuicti
396 2880 543 2958 principis
557 2878 726 2956 ingenium!

479 3010 557 3070 xxi.

91 3110 247 3201 Quidquid
259 3124 292 3182 in
307 3122 431 3201 Orpheo
446 3120 595 3201 Rhodope
610 3127 765 3200 spectasse
779 3122 900 3181 theatro

130 3205 265 3284 Dicitur,
287 3206 440 3282 exhibuit,
462 3205 591 3282 Caesar,
611 3205 725 3263 harena
738 3206 804 3266 tibi.

13 3310 16 3315 ’
90 3287 266 3367 Repserunt
281 3288 397 3368 scopuli
413 3286 609 3366 mirandaque
622 3287 698 3346 silva
711 3286 861 3362 cucurrit,

134 3371 229 3447 Quale
243 3372 338 3431 fuisse
354 3390 461 3431 nemus
476 3370 612 3431 creditur
627 3367 841 3447 Hesperidum.

71 3454 191 3514 5Affuit
205 3456 370 3515 Immixtum
382 3455 489 3535 pecori
504 3472 599 3533 genus
615 3469 703 3511 omne
719 3451 856 3510 ferarum
