<?xml version="1.0" encoding="UTF-8"?>
<!DOCTYPE html PUBLIC "-//W3C//DTD XHTML 1.0 Transitional//EN"
    "http://www.w3.org/TR/xhtml1/DTD/xhtml1-transitional.dtd">
<html xmlns="http://www.w3.org/1999/xhtml" xml:lang="en" lang="en">
 <head>
  <title>
</title>
<meta http-equiv="Content-Type" content="text/html;charset=utf-8" />
  <meta name='ocr-system' content='tesseract 3.04.00' />
  <meta name='ocr-capabilities' content='ocr_page ocr_carea ocr_par ocr_line ocrx_word'/>
</head>
<body>
  <div class='ocr_page' id='page_1' title='image "./epigrammatonlib00martgoog_0314.png"; bbox 0 0 2250 3794; ppageno 0'>
   <div class='ocr_carea' id='block_1_1' title="bbox 293 160 1061 273">
    <p class='ocr_par' dir='ltr' id='par_1_1' title="bbox 293 160 1061 273">
     <span class='ocr_line' id='line_1_1' title="bbox 293 160 1061 273; baseline 0.009 -7"><span class='ocrx_word' id='word_1_1' title='bbox 293 160 716 271; x_wconf 73' lang='lat' dir='ltr'><strong>aulonammsronnm</strong></span> <span class='ocrx_word' id='word_1_2' title='bbox 731 207 795 271; x_wconf 74' lang='grc' dir='ltr'><strong>ΧΠ.</strong></span> <span class='ocrx_word' id='word_1_3' title='bbox 999 208 1061 273; x_wconf 74' lang='lat' dir='ltr'><strong>aaa</strong></span> 
     </span>
    </p>
   </div>
   <div class='ocr_carea' id='block_1_2' title="bbox 96 320 1035 604">
    <p class='ocr_par' dir='ltr' id='par_1_2' title="bbox 96 320 1035 604">
     <span class='ocr_line' id='line_1_2' title="bbox 142 320 900 436; baseline 0.001 -17"><span class='ocrx_word' id='word_1_4' title='bbox 142 320 222 419; x_wconf 84' lang='lat' dir='ltr'><strong>¹Res</strong></span> <span class='ocrx_word' id='word_1_5' title='bbox 239 377 298 418; x_wconf 90' lang='lat' dir='ltr'><strong>una</strong></span> <span class='ocrx_word' id='word_1_6' title='bbox 312 364 376 436; x_wconf 89' lang='lat' dir='ltr'><strong>est,</strong></span> <span class='ocrx_word' id='word_1_7' title='bbox 398 359 465 418; x_wconf 89' lang='lat' dir='ltr'><strong>siue</strong></span> <span class='ocrx_word' id='word_1_8' title='bbox 478 376 526 418; x_wconf 88' lang='lat' dir='ltr'><strong>me</strong></span> <span class='ocrx_word' id='word_1_9' title='bbox 542 377 629 436; x_wconf 81' lang='lat' dir='ltr'><strong>quam</strong></span> <span class='ocrx_word' id='word_1_10' title='bbox 642 358 734 434; x_wconf 83' lang='lat' dir='ltr'><strong>facis,</strong></span> <span class='ocrx_word' id='word_1_11' title='bbox 756 367 790 419; x_wconf 89' lang='lat' dir='ltr'><strong>et</strong></span> <span class='ocrx_word' id='word_1_12' title='bbox 803 365 900 421; x_wconf 87' lang='lat' dir='ltr'><strong>taceo.</strong></span> 
     </span>
     <span class='ocr_line' id='line_1_3' title="bbox 96 442 1035 520; baseline -0.001 -16"><span class='ocrx_word' id='word_1_13' title='bbox 96 442 170 504; x_wconf 84' lang='lat' dir='ltr'><strong>5Nil</strong></span> <span class='ocrx_word' id='word_1_14' title='bbox 184 449 286 502; x_wconf 88' lang='lat' dir='ltr'><strong>tamen</strong></span> <span class='ocrx_word' id='word_1_15' title='bbox 301 443 422 501; x_wconf 88' lang='lat' dir='ltr'><strong>omnino</strong></span> <span class='ocrx_word' id='word_1_16' title='bbox 435 448 574 520; x_wconf 78' lang='lat' dir='ltr'><strong>praestas</strong></span> <span class='ocrx_word' id='word_1_17' title='bbox 589 442 671 500; x_wconf 89' lang='lat' dir='ltr'><strong>mihi.</strong></span> <span class='ocrx_word' id='word_1_18' title='bbox 701 442 864 520; x_wconf 82' lang='lat' dir='ltr'><strong>„Mortuus</strong></span> <span class='ocrx_word' id='word_1_19' title='bbox 872 443 904 520; x_wconf 86' lang='lat'><strong>,“</strong></span> <span class='ocrx_word' id='word_1_20' title='bbox 918 445 1035 520; x_wconf 78' lang='lat' dir='ltr'>inquis,</span> 
     </span>
     <span class='ocr_line' id='line_1_4' title="bbox 159 523 911 604; baseline 0.004 -20"><span class='ocrx_word' id='word_1_21' title='bbox 159 526 337 604; x_wconf 79' lang='lat' dir='ltr'><strong>„Accipiam</strong></span> <span class='ocrx_word' id='word_1_22' title='bbox 352 527 431 585; x_wconf 88' lang='lat' dir='ltr'><strong>bene</strong></span> <span class='ocrx_word' id='word_1_23' title='bbox 446 524 512 586; x_wconf 88' lang='lat' dir='ltr'><strong>te.“</strong></span> <span class='ocrx_word' id='word_1_24' title='bbox 538 523 589 584; x_wconf 89' lang='lat' dir='ltr'><strong>Nil</strong></span> <span class='ocrx_word' id='word_1_25' title='bbox 602 524 689 584; x_wconf 81' lang='lat' dir='ltr'><strong>volo:</strong></span> <span class='ocrx_word' id='word_1_26' title='bbox 709 525 765 585; x_wconf 92' lang='lat' dir='ltr'><strong>sed</strong></span> <span class='ocrx_word' id='word_1_27' title='bbox 779 543 911 589; x_wconf 85' lang='lat' dir='ltr'><strong>morere.</strong></span> 
     </span>
    </p>
   </div>
   <div class='ocr_carea' id='block_1_3' title="bbox 115 656 823 939">
    <p class='ocr_par' dir='ltr' id='par_1_3' title="bbox 115 656 823 939">
     <span class='ocr_line' id='line_1_5' title="bbox 509 656 585 719; baseline -0.026 0"><span class='ocrx_word' id='word_1_28' title='bbox 509 656 585 719; x_wconf 82' lang='lat' dir='ltr'>XLI.</span> 
     </span>
     <span class='ocr_line' id='line_1_6' title="bbox 116 735 823 854; baseline 0.001 -20"><span class='ocrx_word' id='word_1_29' title='bbox 116 775 186 834; x_wconf 92' lang='lat' dir='ltr'><strong>Non</strong></span> <span class='ocrx_word' id='word_1_30' title='bbox 201 782 263 854; x_wconf 91' lang='lat' dir='ltr'><strong>est,</strong></span> <span class='ocrx_word' id='word_1_31' title='bbox 286 775 406 852; x_wconf 85' lang='lat' dir='ltr'><strong>Tucca,</strong></span> <span class='ocrx_word' id='word_1_32' title='bbox 427 735 518 852; x_wconf 69' lang='lat' dir='ltr'><strong>satis,</strong></span> <span class='ocrx_word' id='word_1_33' title='bbox 539 773 622 853; x_wconf 77' lang='lat' dir='ltr'><strong>quod</strong></span> <span class='ocrx_word' id='word_1_34' title='bbox 638 792 672 835; x_wconf 88' lang='lat' dir='ltr'><strong>es</strong></span> <span class='ocrx_word' id='word_1_35' title='bbox 685 757 823 854; x_wconf 60' lang='lat' dir='ltr'><strong>gulosus:</strong></span> 
     </span>
     <span class='ocr_line' id='line_1_7' title="bbox 115 857 600 939; baseline 0 -23"><span class='ocrx_word' id='word_1_36' title='bbox 115 859 158 917; x_wconf 75' lang='lat' dir='ltr'><strong>lut</strong></span> <span class='ocrx_word' id='word_1_37' title='bbox 171 857 232 918; x_wconf 85' lang='lat' dir='ltr'><strong>dici</strong></span> <span class='ocrx_word' id='word_1_38' title='bbox 247 859 331 938; x_wconf 87' lang='lat' dir='ltr'><strong>cupis</strong></span> <span class='ocrx_word' id='word_1_39' title='bbox 346 864 379 918; x_wconf 87' lang='lat' dir='ltr'><strong>ct</strong></span> <span class='ocrx_word' id='word_1_40' title='bbox 392 860 478 939; x_wconf 87' lang='lat' dir='ltr'><strong>cupis</strong></span> <span class='ocrx_word' id='word_1_41' title='bbox 492 857 600 919; x_wconf 87' lang='lat' dir='ltr'><strong>videri.</strong></span> 
     </span>
    </p>
   </div>
   <div class='ocr_carea' id='block_1_4' title="bbox 115 991 879 1182">
    <p class='ocr_par' dir='ltr' id='par_1_4' title="bbox 115 991 879 1182">
     <span class='ocr_line' id='line_1_8' title="bbox 136 991 595 1057; baseline -0.007 0"><span class='ocrx_word' id='word_1_42' title='bbox 136 1042 139 1057; x_wconf 92' lang='lat'>.</span> <span class='ocrx_word' id='word_1_43' title='bbox 504 991 595 1054; x_wconf 86' lang='lat' dir='ltr'><strong>XLII.</strong></span> 
     </span>
     <span class='ocr_line' id='line_1_9' title="bbox 115 1100 879 1182; baseline 0.003 -22"><span class='ocrx_word' id='word_1_44' title='bbox 115 1101 265 1162; x_wconf 87' lang='lat' dir='ltr'><strong>Barbatus</strong></span> <span class='ocrx_word' id='word_1_45' title='bbox 279 1102 379 1181; x_wconf 75' lang='lat' dir='ltr'><strong>rigido</strong></span> <span class='ocrx_word' id='word_1_46' title='bbox 393 1103 498 1182; x_wconf 85' lang='lat' dir='ltr'><strong>nupsit</strong></span> <span class='ocrx_word' id='word_1_47' title='bbox 512 1100 708 1164; x_wconf 67' lang='lat' dir='ltr'><strong>Callistratus</strong></span> <span class='ocrx_word' id='word_1_48' title='bbox 720 1102 814 1180; x_wconf 82' lang='lat' dir='ltr'><strong>Afro,</strong></span> <span class='ocrx_word' id='word_1_49' title='bbox 873 1104 879 1111; x_wconf 85' lang='grc'><strong>“</strong></span> 
     </span>
    </p>
   </div>
   <div class='ocr_carea' id='block_1_5' title="bbox 95 1184 976 1600">
    <p class='ocr_par' dir='ltr' id='par_1_5' title="bbox 95 1184 976 1600">
     <span class='ocr_line' id='line_1_10' title="bbox 159 1184 800 1266; baseline 0.006 -23"><span class='ocrx_word' id='word_1_50' title='bbox 159 1185 225 1244; x_wconf 90' lang='lat' dir='ltr'><strong>Hac</strong></span> <span class='ocrx_word' id='word_1_51' title='bbox 241 1203 298 1262; x_wconf 86' lang='lat' dir='ltr'><strong>qua</strong></span> <span class='ocrx_word' id='word_1_52' title='bbox 311 1185 382 1265; x_wconf 79' lang='lat' dir='ltr'><strong>lege</strong></span> <span class='ocrx_word' id='word_1_53' title='bbox 396 1189 462 1246; x_wconf 85' lang='lat' dir='ltr'><strong>viro</strong></span> <span class='ocrx_word' id='word_1_54' title='bbox 480 1189 597 1246; x_wconf 85' lang='lat' dir='ltr'><strong>nubere</strong></span> <span class='ocrx_word' id='word_1_55' title='bbox 611 1188 696 1266; x_wconf 80' lang='lat' dir='ltr'><strong>virgo</strong></span> <span class='ocrx_word' id='word_1_56' title='bbox 711 1184 800 1247; x_wconf 89' lang='lat' dir='ltr'><strong>solet.</strong></span> 
     </span>
     <span class='ocr_line' id='line_1_11' title="bbox 116 1257 858 1347; baseline 0.004 -20"><span class='ocrx_word' id='word_1_57' title='bbox 116 1267 303 1328; x_wconf 80' lang='lat' dir='ltr'><strong>Praeluxere</strong></span> <span class='ocrx_word' id='word_1_58' title='bbox 316 1270 417 1346; x_wconf 83' lang='lat' dir='ltr'><strong>faces,</strong></span> <span class='ocrx_word' id='word_1_59' title='bbox 437 1257 577 1328; x_wconf 87' lang='lat' dir='ltr'><strong>velarunt</strong></span> <span class='ocrx_word' id='word_1_60' title='bbox 590 1268 729 1329; x_wconf 80' lang='lat' dir='ltr'><strong>flammea</strong></span> <span class='ocrx_word' id='word_1_61' title='bbox 742 1257 858 1347; x_wconf 69' lang='lat' dir='ltr'><strong>voltus,</strong></span> 
     </span>
     <span class='ocr_line' id='line_1_12' title="bbox 157 1350 925 1430; baseline -0.007 -18"><span class='ocrx_word' id='word_1_62' title='bbox 157 1353 222 1412; x_wconf 83' lang='lat' dir='ltr'><strong>Nec</strong></span> <span class='ocrx_word' id='word_1_63' title='bbox 234 1351 469 1413; x_wconf 82' lang='lat' dir='ltr'><strong>tua&#39;defuerunt</strong></span> <span class='ocrx_word' id='word_1_64' title='bbox 482 1352 594 1430; x_wconf 85' lang='lat' dir='ltr'><strong>verba,</strong></span> <span class='ocrx_word' id='word_1_65' title='bbox 608 1350 752 1430; x_wconf 69' lang='lat' dir='ltr'><strong>Talnam,</strong></span> <span class='ocrx_word' id='word_1_66' title='bbox 769 1353 840 1413; x_wconf 80' lang='lat' dir='ltr'><strong>tibi.</strong></span> <span class='ocrx_word' id='word_1_67' title='bbox 922 1382 925 1407; x_wconf 66' lang='grc' dir='ltr'>ι</span> 
     </span>
     <span class='ocr_line' id='line_1_13' title="bbox 95 1433 976 1514; baseline -0.002 -20"><span class='ocrx_word' id='word_1_68' title='bbox 95 1436 179 1495; x_wconf 85' lang='lat' dir='ltr'><strong>5Dos</strong></span> <span class='ocrx_word' id='word_1_69' title='bbox 194 1436 284 1495; x_wconf 88' lang='lat' dir='ltr'><strong>etiam</strong></span> <span class='ocrx_word' id='word_1_70' title='bbox 301 1434 382 1496; x_wconf 86' lang='lat' dir='ltr'><strong>dicta</strong></span> <span class='ocrx_word' id='word_1_71' title='bbox 396 1442 463 1497; x_wconf 74' lang='lat' dir='ltr'><strong>est.¹</strong></span> <span class='ocrx_word' id='word_1_72' title='bbox 480 1433 620 1494; x_wconf 89' lang='lat' dir='ltr'><strong>Nondum</strong></span> <span class='ocrx_word' id='word_1_73' title='bbox 633 1437 707 1514; x_wconf 80' lang='lat' dir='ltr'><strong>tibi,</strong></span> <span class='ocrx_word' id='word_1_74' title='bbox 727 1436 836 1512; x_wconf 78' lang='lat' dir='ltr'><strong>Roma,</strong></span> <span class='ocrx_word' id='word_1_75' title='bbox 855 1434 976 1496; x_wconf 81' lang='lat' dir='ltr'><strong>uidetur</strong></span> 
     </span>
     <span class='ocr_line' id='line_1_14' title="bbox 158 1517 892 1600; baseline -0.005 -22"><span class='ocrx_word' id='word_1_76' title='bbox 158 1519 227 1579; x_wconf 91' lang='lat' dir='ltr'><strong>Hoc</strong></span> <span class='ocrx_word' id='word_1_77' title='bbox 241 1520 336 1578; x_wconf 72' lang='lat' dir='ltr'><strong>satist</strong></span> <span class='ocrx_word' id='word_1_78' title='bbox 358 1525 501 1600; x_wconf 83' lang='lat' dir='ltr'><strong>expectas</strong></span> <span class='ocrx_word' id='word_1_79' title='bbox 515 1517 662 1599; x_wconf 90' lang='lat' dir='ltr'><strong>numquid</strong></span> <span class='ocrx_word' id='word_1_80' title='bbox 676 1525 712 1579; x_wconf 89' lang='lat' dir='ltr'><strong>ut</strong></span> <span class='ocrx_word' id='word_1_81' title='bbox 726 1525 758 1580; x_wconf 90' lang='lat' dir='ltr'><strong>ct</strong></span> <span class='ocrx_word' id='word_1_82' title='bbox 771 1517 892 1599; x_wconf 68' lang='lat' dir='ltr'><strong>pariat?</strong></span> 
     </span>
    </p>
   </div>
   <div class='ocr_carea' id='block_1_6' title="bbox 498 1651 603 1715">
    <p class='ocr_par' dir='ltr' id='par_1_6' title="bbox 498 1651 603 1715">
     <span class='ocr_line' id='line_1_15' title="bbox 498 1651 603 1715; baseline 0.01 -2"><span class='ocrx_word' id='word_1_83' title='bbox 498 1651 603 1715; x_wconf 81' lang='lat' dir='ltr'><strong>XLIII.</strong></span> 
     </span>
    </p>
   </div>
   <div class='ocr_carea' id='block_1_7' title="bbox 74 1760 811 2673">
    <p class='ocr_par' dir='ltr' id='par_1_7' title="bbox 114 1760 811 2093">
     <span class='ocr_line' id='line_1_16' title="bbox 115 1760 811 1843; baseline 0.01 -24"><span class='ocrx_word' id='word_1_84' title='bbox 115 1761 277 1823; x_wconf 73' lang='lat' dir='ltr'><strong>Facundos</strong></span> <span class='ocrx_word' id='word_1_85' title='bbox 290 1764 364 1823; x_wconf 88' lang='lat' dir='ltr'><strong>mihi</strong></span> <span class='ocrx_word' id='word_1_86' title='bbox 380 1760 419 1823; x_wconf 88' lang='lat' dir='ltr'><strong>de</strong></span> <span class='ocrx_word' id='word_1_87' title='bbox 432 1761 605 1824; x_wconf 85' lang='lat' dir='ltr'><strong>libidinosis</strong></span> <span class='ocrx_word' id='word_1_88' title='bbox 807 1835 811 1843; x_wconf 26' lang='lat'>¹</span> 
     </span>
     <span class='ocr_line' id='line_1_17' title="bbox 114 1844 695 1926; baseline 0.005 -23"><span class='ocrx_word' id='word_1_89' title='bbox 114 1845 231 1922; x_wconf 80' lang='lat' dir='ltr'><strong>Legisti</strong></span> <span class='ocrx_word' id='word_1_90' title='bbox 248 1848 387 1924; x_wconf 81' lang='lat' dir='ltr'><strong>nimiam,</strong></span> <span class='ocrx_word' id='word_1_91' title='bbox 410 1844 551 1924; x_wconf 85' lang='lat' dir='ltr'><strong>Sabelle,</strong></span> <span class='ocrx_word' id='word_1_92' title='bbox 572 1864 695 1926; x_wconf 82' lang='lat' dir='ltr'><strong>versus,</strong></span> 
     </span>
     <span class='ocr_line' id='line_1_18' title="bbox 117 1927 731 2010; baseline 0.013 -25"><span class='ocrx_word' id='word_1_93' title='bbox 117 1927 231 2003; x_wconf 83' lang='lat' dir='ltr'><strong>Quales</strong></span> <span class='ocrx_word' id='word_1_94' title='bbox 244 1948 303 1989; x_wconf 93' lang='lat' dir='ltr'><strong>nec</strong></span> <span class='ocrx_word' id='word_1_95' title='bbox 317 1928 464 2008; x_wconf 81' lang='lat' dir='ltr'><strong>Didymae</strong></span> <span class='ocrx_word' id='word_1_96' title='bbox 480 1932 580 1991; x_wconf 84' lang='lat' dir='ltr'><strong>sciant</strong></span> <span class='ocrx_word' id='word_1_97' title='bbox 594 1930 731 2010; x_wconf 83' lang='lat' dir='ltr'><strong>puellae,</strong></span> 
     </span>
     <span class='ocr_line' id='line_1_19' title="bbox 114 2011 661 2093; baseline 0.007 -23"><span class='ocrx_word' id='word_1_98' title='bbox 114 2012 180 2070; x_wconf 90' lang='lat' dir='ltr'><strong>Nec</strong></span> <span class='ocrx_word' id='word_1_99' title='bbox 194 2011 306 2073; x_wconf 83' lang='lat' dir='ltr'><strong>molles</strong></span> <span class='ocrx_word' id='word_1_100' title='bbox 318 2012 539 2093; x_wconf 78' lang='lat' dir='ltr'><strong>Elephantidos</strong></span> <span class='ocrx_word' id='word_1_101' title='bbox 551 2011 661 2075; x_wconf 89' lang='lat' dir='ltr'><strong>libelli.</strong></span> 
     </span>
    </p>

    <p class='ocr_par' dir='ltr' id='par_1_8' title="bbox 94 2094 778 2508">
     <span class='ocr_line' id='line_1_20' title="bbox 94 2094 678 2177; baseline 0.003 -22"><span class='ocrx_word' id='word_1_102' title='bbox 94 2094 196 2155; x_wconf 69' lang='lat' dir='ltr'><strong>asunt</strong></span> <span class='ocrx_word' id='word_1_103' title='bbox 210 2094 275 2156; x_wconf 86' lang='lat' dir='ltr'><strong>lilic</strong></span> <span class='ocrx_word' id='word_1_104' title='bbox 290 2097 422 2159; x_wconf 84' lang='lat' dir='ltr'><strong>Veneris</strong></span> <span class='ocrx_word' id='word_1_105' title='bbox 436 2115 531 2156; x_wconf 82' lang='lat' dir='ltr'><strong>novae</strong></span> <span class='ocrx_word' id='word_1_106' title='bbox 544 2097 678 2177; x_wconf 84' lang='lat' dir='ltr'><strong>figurae,</strong></span> 
     </span>
     <span class='ocr_line' id='line_1_21' title="bbox 117 2177 655 2258; baseline 0.007 -21"><span class='ocrx_word' id='word_1_107' title='bbox 117 2177 229 2252; x_wconf 81' lang='lat' dir='ltr'><strong>Quales</strong></span> <span class='ocrx_word' id='word_1_108' title='bbox 245 2180 385 2258; x_wconf 89' lang='lat' dir='ltr'><strong>perditus</strong></span> <span class='ocrx_word' id='word_1_109' title='bbox 399 2180 509 2240; x_wconf 80' lang='lat' dir='ltr'><strong>audeat</strong></span> <span class='ocrx_word' id='word_1_110' title='bbox 522 2181 655 2241; x_wconf 86' lang='lat' dir='ltr'><strong>fututor:</strong></span> 
     </span>
     <span class='ocr_line' id='line_1_22' title="bbox 115 2261 691 2342; baseline 0.009 -22"><span class='ocrx_word' id='word_1_111' title='bbox 115 2261 279 2322; x_wconf 83' lang='lat' dir='ltr'><strong>Praestent</strong></span> <span class='ocrx_word' id='word_1_112' title='bbox 292 2269 325 2323; x_wconf 88' lang='lat' dir='ltr'><strong>et</strong></span> <span class='ocrx_word' id='word_1_113' title='bbox 336 2271 458 2331; x_wconf 83' lang='lat' dir='ltr'><strong>taceant</strong></span> <span class='ocrx_word' id='word_1_114' title='bbox 473 2263 546 2342; x_wconf 84' lang='lat' dir='ltr'><strong>quid</strong></span> <span class='ocrx_word' id='word_1_115' title='bbox 561 2264 691 2342; x_wconf 83' lang='lat' dir='ltr'><strong>exoleti,</strong></span> 
     </span>
     <span class='ocr_line' id='line_1_23' title="bbox 117 2344 778 2427; baseline 0.003 -23"><span class='ocrx_word' id='word_1_116' title='bbox 117 2344 184 2420; x_wconf 76' lang='lat' dir='ltr'><strong>Quo</strong></span> <span class='ocrx_word' id='word_1_117' title='bbox 198 2345 416 2427; x_wconf 77' lang='lat' dir='ltr'><strong>symplegmate</strong></span> <span class='ocrx_word' id='word_1_118' title='bbox 431 2349 565 2426; x_wconf 76' lang='lat' dir='ltr'><strong>quinque</strong></span> <span class='ocrx_word' id='word_1_119' title='bbox 579 2347 778 2427; x_wconf 83' lang='lat' dir='ltr'><strong>copulentur,</strong></span> 
     </span>
     <span class='ocr_line' id='line_1_24' title="bbox 116 2428 647 2508; baseline 0.006 -22"><span class='ocrx_word' id='word_1_120' title='bbox 116 2428 181 2503; x_wconf 81' lang='lat' dir='ltr'><strong>Qua</strong></span> <span class='ocrx_word' id='word_1_121' title='bbox 197 2428 303 2508; x_wconf 88' lang='lat' dir='ltr'><strong>plures</strong></span> <span class='ocrx_word' id='word_1_122' title='bbox 315 2436 479 2490; x_wconf 82' lang='lat' dir='ltr'><strong>teneantur</strong></span> <span class='ocrx_word' id='word_1_123' title='bbox 495 2436 647 2506; x_wconf 73' lang='lat' dir='ltr'><strong>scatens,</strong></span> 
     </span>
    </p>

    <p class='ocr_par' dir='ltr' id='par_1_9' title="bbox 74 2510 715 2673">
     <span class='ocr_line' id='line_1_25' title="bbox 74 2510 715 2589; baseline 0.006 -19"><span class='ocrx_word' id='word_1_124' title='bbox 74 2519 107 2571; x_wconf 82' lang='lat'><strong>1⁰</strong></span> <span class='ocrx_word' id='word_1_125' title='bbox 114 2511 285 2572; x_wconf 77' lang='lat' dir='ltr'><strong>Extinctam</strong></span> <span class='ocrx_word' id='word_1_126' title='bbox 300 2511 395 2572; x_wconf 89' lang='lat' dir='ltr'><strong>liceat</strong></span> <span class='ocrx_word' id='word_1_127' title='bbox 411 2510 484 2589; x_wconf 88' lang='lat' dir='ltr'><strong>quid</strong></span> <span class='ocrx_word' id='word_1_128' title='bbox 498 2510 536 2571; x_wconf 80' lang='lat' dir='ltr'><strong>sd</strong></span> <span class='ocrx_word' id='word_1_129' title='bbox 549 2510 715 2574; x_wconf 86' lang='lat' dir='ltr'><strong>lucernam.</strong></span> 
     </span>
     <span class='ocr_line' id='line_1_26' title="bbox 116 2592 687 2673; baseline 0.002 -19"><span class='ocrx_word' id='word_1_130' title='bbox 116 2592 208 2655; x_wconf 84' lang='lat' dir='ltr'><strong>Tanti</strong></span> <span class='ocrx_word' id='word_1_131' title='bbox 221 2615 283 2655; x_wconf 93' lang='lat' dir='ltr'><strong>nou</strong></span> <span class='ocrx_word' id='word_1_132' title='bbox 296 2602 379 2673; x_wconf 81' lang='lat' dir='ltr'><strong>erat,</strong></span> <span class='ocrx_word' id='word_1_133' title='bbox 401 2612 469 2654; x_wconf 86' lang='lat' dir='ltr'><strong>esse</strong></span> <span class='ocrx_word' id='word_1_134' title='bbox 483 2600 516 2654; x_wconf 85' lang='lat' dir='ltr'><strong>te</strong></span> <span class='ocrx_word' id='word_1_135' title='bbox 531 2593 687 2656; x_wconf 84' lang='lat' dir='ltr'><strong>disertum.</strong></span> 
     </span>
    </p>
   </div>
   <div class='ocr_carea' id='block_1_8' title="bbox 496 2724 600 2789">
    <p class='ocr_par' dir='ltr' id='par_1_10' title="bbox 496 2724 600 2789">
     <span class='ocr_line' id='line_1_27' title="bbox 496 2724 600 2789; baseline -0.01 0"><span class='ocrx_word' id='word_1_136' title='bbox 496 2724 600 2789; x_wconf 78' lang='lat' dir='ltr'>XLIV.</span> 
     </span>
    </p>
   </div>
   <div class='ocr_carea' id='block_1_9' title="bbox 92 2838 960 3503">
    <p class='ocr_par' dir='ltr' id='par_1_11' title="bbox 92 2838 960 3503">
     <span class='ocr_line' id='line_1_28' title="bbox 115 2838 927 2919; baseline -0.002 -19"><span class='ocrx_word' id='word_1_137' title='bbox 115 2838 231 2915; x_wconf 85' lang='lat' dir='ltr'><strong>Unice,</strong></span> <span class='ocrx_word' id='word_1_138' title='bbox 252 2845 380 2916; x_wconf 81' lang='lat' dir='ltr'><strong>cognato</strong></span> <span class='ocrx_word' id='word_1_139' title='bbox 396 2839 531 2899; x_wconf 89' lang='lat' dir='ltr'><strong>iunctum</strong></span> <span class='ocrx_word' id='word_1_140' title='bbox 546 2841 622 2900; x_wconf 85' lang='lat' dir='ltr'><strong>mitri</strong></span> <span class='ocrx_word' id='word_1_141' title='bbox 637 2839 782 2919; x_wconf 79' lang='lat' dir='ltr'><strong>sanguiue</strong></span> <span class='ocrx_word' id='word_1_142' title='bbox 797 2858 927 2915; x_wconf 89' lang='lat' dir='ltr'><strong>nomen,</strong></span> 
     </span>
     <span class='ocr_line' id='line_1_29' title="bbox 157 2921 865 3004; baseline 0.006 -24"><span class='ocrx_word' id='word_1_143' title='bbox 157 2922 215 2997; x_wconf 81' lang='lat' dir='ltr'><strong>Qui</strong></span> <span class='ocrx_word' id='word_1_144' title='bbox 231 2923 312 3000; x_wconf 80' lang='lat' dir='ltr'><strong>geris</strong></span> <span class='ocrx_word' id='word_1_145' title='bbox 326 2928 360 2982; x_wconf 83' lang='lat' dir='ltr'><strong>ct</strong></span> <span class='ocrx_word' id='word_1_146' title='bbox 374 2921 475 2983; x_wconf 86' lang='lat' dir='ltr'><strong>studio</strong></span> <span class='ocrx_word' id='word_1_147' title='bbox 492 2923 585 2984; x_wconf 81' lang='lat' dir='ltr'><strong>corda</strong></span> <span class='ocrx_word' id='word_1_148' title='bbox 597 2924 768 3004; x_wconf 85' lang='lat' dir='ltr'><strong>propinqua</strong></span> <span class='ocrx_word' id='word_1_149' title='bbox 781 2941 865 2994; x_wconf 85' lang='lat' dir='ltr'><strong>meo;</strong></span> 
     </span>
     <span class='ocr_line' id='line_1_30' title="bbox 115 3005 794 3082; baseline 0.001 -17"><span class='ocrx_word' id='word_1_150' title='bbox 115 3006 257 3065; x_wconf 80' lang='lat' dir='ltr'><strong>Carmina</strong></span> <span class='ocrx_word' id='word_1_151' title='bbox 272 3025 338 3066; x_wconf 91' lang='lat' dir='ltr'><strong>cum</strong></span> <span class='ocrx_word' id='word_1_152' title='bbox 353 3006 445 3067; x_wconf 83' lang='lat' dir='ltr'><strong>iacias</strong></span> <span class='ocrx_word' id='word_1_153' title='bbox 459 3005 516 3067; x_wconf 85' lang='lat' dir='ltr'><strong>soli</strong></span> <span class='ocrx_word' id='word_1_154' title='bbox 530 3007 672 3068; x_wconf 83' lang='lat' dir='ltr'><strong>cedentia</strong></span> <span class='ocrx_word' id='word_1_155' title='bbox 684 3006 794 3082; x_wconf 81' lang='lat' dir='ltr'><strong>fratri,</strong></span> 
     </span>
     <span class='ocr_line' id='line_1_31' title="bbox 155 3088 851 3169; baseline 0.001 -22"><span class='ocrx_word' id='word_1_156' title='bbox 155 3089 287 3148; x_wconf 85' lang='lat' dir='ltr'><strong>Pectore</strong></span> <span class='ocrx_word' id='word_1_157' title='bbox 300 3107 363 3149; x_wconf 89' lang='lat' dir='ltr'><strong>non</strong></span> <span class='ocrx_word' id='word_1_158' title='bbox 375 3090 475 3149; x_wconf 85' lang='lat' dir='ltr'><strong>minor</strong></span> <span class='ocrx_word' id='word_1_159' title='bbox 489 3109 538 3169; x_wconf 83' lang='lat' dir='ltr'><strong>es,</strong></span> <span class='ocrx_word' id='word_1_160' title='bbox 559 3090 616 3150; x_wconf 87' lang='lat' dir='ltr'><strong>sed</strong></span> <span class='ocrx_word' id='word_1_161' title='bbox 627 3091 743 3168; x_wconf 87' lang='lat' dir='ltr'><strong>pietate</strong></span> <span class='ocrx_word' id='word_1_162' title='bbox 756 3088 851 3168; x_wconf 84' lang='lat' dir='ltr'><strong>prior.</strong></span> 
     </span>
     <span class='ocr_line' id='line_1_32' title="bbox 92 3166 865 3252; baseline -0.004 -21"><span class='ocrx_word' id='word_1_163' title='bbox 92 3170 226 3231; x_wconf 82' lang='lat' dir='ltr'><strong>5Lesbia</strong></span> <span class='ocrx_word' id='word_1_164' title='bbox 240 3190 306 3231; x_wconf 89' lang='lat' dir='ltr'><strong>cum</strong></span> <span class='ocrx_word' id='word_1_165' title='bbox 318 3179 426 3230; x_wconf 89' lang='lat' dir='ltr'><strong>tenero</strong></span> <span class='ocrx_word' id='word_1_166' title='bbox 442 3176 475 3231; x_wconf 89' lang='lat' dir='ltr'><strong>te</strong></span> <span class='ocrx_word' id='word_1_167' title='bbox 489 3178 594 3252; x_wconf 88' lang='lat' dir='ltr'><strong>posset</strong></span> <span class='ocrx_word' id='word_1_168' title='bbox 607 3189 708 3231; x_wconf 85' lang='lat' dir='ltr'><strong>amare</strong></span> <span class='ocrx_word' id='word_1_169' title='bbox 725 3166 865 3247; x_wconf 86' lang='lat' dir='ltr'><strong>Catullo,</strong></span> 
     </span>
     <span class='ocr_line' id='line_1_33' title="bbox 156 3253 836 3332; baseline 0 -20"><span class='ocrx_word' id='word_1_170' title='bbox 156 3253 204 3312; x_wconf 82' lang='lat' dir='ltr'><strong>&#39;l&#39;e</strong></span> <span class='ocrx_word' id='word_1_171' title='bbox 219 3259 289 3332; x_wconf 90' lang='lat' dir='ltr'><strong>post</strong></span> <span class='ocrx_word' id='word_1_172' title='bbox 305 3255 455 3313; x_wconf 86' lang='lat' dir='ltr'><strong>Nasonem</strong></span> <span class='ocrx_word' id='word_1_173' title='bbox 468 3254 579 3314; x_wconf 88' lang='lat' dir='ltr'><strong>blanda</strong></span> <span class='ocrx_word' id='word_1_174' title='bbox 594 3255 727 3314; x_wconf 80' lang='lat' dir='ltr'><strong>Corinna</strong></span> <span class='ocrx_word' id='word_1_175' title='bbox 741 3254 836 3330; x_wconf 84' lang='lat' dir='ltr'><strong>sequi.</strong></span> 
     </span>
     <span class='ocr_line' id='line_1_34' title="bbox 99 3334 933 3416; baseline -0.008 -22"><span class='ocrx_word' id='word_1_176' title='bbox 99 3334 323 3409; x_wconf 49' lang='lat' dir='ltr'><strong>¹Necdecrant</strong></span> <span class='ocrx_word' id='word_1_177' title='bbox 338 3336 491 3416; x_wconf 78' lang='lat' dir='ltr'><strong>Zephyri,</strong></span> <span class='ocrx_word' id='word_1_178' title='bbox 512 3338 585 3396; x_wconf 83' lang='lat' dir='ltr'><strong>site</strong></span> <span class='ocrx_word' id='word_1_179' title='bbox 600 3335 676 3396; x_wconf 87' lang='lat' dir='ltr'><strong>dare</strong></span> <span class='ocrx_word' id='word_1_180' title='bbox 690 3334 933 3402; x_wconf 51' lang='lat' dir='ltr'><strong>uelatusareta.</strong></span> 
     </span>
     <span class='ocr_line' id='line_1_35' title="bbox 150 3415 960 3503; baseline -0.002 -28"><span class='ocrx_word' id='word_1_181' title='bbox 150 3417 215 3475; x_wconf 86' lang='lat' dir='ltr'><strong>Sed</strong></span> <span class='ocrx_word' id='word_1_182' title='bbox 228 3423 261 3477; x_wconf 90' lang='lat' dir='ltr'><strong>tu</strong></span> <span class='ocrx_word' id='word_1_183' title='bbox 274 3416 350 3478; x_wconf 88' lang='lat' dir='ltr'><strong>litus</strong></span> <span class='ocrx_word' id='word_1_184' title='bbox 362 3434 454 3485; x_wconf 83' lang='lat' dir='ltr'><strong>amas.</strong></span> <span class='ocrx_word' id='word_1_185' title='bbox 482 3422 554 3483; x_wconf 84' lang='lat' dir='ltr'><strong>iioc</strong></span> <span class='ocrx_word' id='word_1_186' title='bbox 570 3439 700 3503; x_wconf 75' lang='lat' dir='ltr'><strong>quoque</strong></span> <span class='ocrx_word' id='word_1_187' title='bbox 713 3415 960 3481; x_wconf 48' lang='lat' dir='ltr'><strong>numanum</strong></span> 
     </span>
    </p>
   </div>
   <div class='ocr_carea' id='block_1_10' title="bbox 0 0 1130 3794">
    <p class='ocr_par' dir='ltr' id='par_1_12' title="bbox 0 0 1130 3794">
     <span class='ocr_line' id='line_1_36' title="bbox 0 0 1130 3794; baseline 0 3"><span class='ocrx_word' id='word_1_188' title='bbox 0 0 1130 3794; x_wconf 95' lang='lat' dir='ltr'><strong> </strong></span> 
     </span>
    </p>
   </div>
  </div>
 </body>
</html>
