2264 3786
406 197 448 258 ru.
465 180 556 257 vnn.
571 185 795 257 mannhun
827 195 830 199 ’

172 351 204 409 In
221 369 278 427 qua
293 358 353 407 tum
367 346 497 408 similem
510 346 628 407 videbis
642 348 758 426 lssam‚·

131 434 213 493 20Ut
228 434 269 491 sit
281 440 343 491 tam
358 430 463 492 similis
478 434 536 491 sibi
549 450 607 491 nec
622 433 696 511 ipsa.

172 517 264 575 Issam
279 515 411 594 denique
427 534 508 594 pone
523 535 590 574 oum
604 514 735 575 tabella:

171 600 234 658 Aut
247 604 410 677 utramque
419 600 539 678 putabis
555 617 623 658 esse
636 617 756 676 veram,

172 684 234 744 Aut
249 690 407 762 utramque
421 684 543 762 putabis
558 700 626 742 esse
639 685 760 762 pictam.

574 815 638 877 CX.

187 892 198 915 θ

173 926 317 989 Scribere
332 946 381 987 me
398 930 555 1006 quereris,
574 926 691 1003 Velox,
715 930 929 1006 epIgrammata
942 928 1042 1009 longa.

112 1013 121 1034 ⁸
212 1014 281 1091 lpse
295 1010 374 1070 nihil
386 1013 508 1071 scribis:
527 1018 561 1070 tu
575 1013 716 1070 breviora
728 1012 813 1075 facis.
972 1011 977 1016 ’

568 1145 643 1206 CXI.
678 1167 685 1177 ·

172 1258 248 1316 Cum
261 1258 319 1316 tibi
337 1259 377 1316 sit
391 1259 516 1337 sophiae
530 1278 585 1337 par
599 1259 678 1318 fama
693 1266 726 1319 et
739 1278 811 1318 cura
823 1258 977 1337 laborum,

213 1342 337 1419 Ingenio
352 1342 451 1420 pietas
465 1361 523 1400 nec
537 1343 636 1400 minor
650 1344 715 1421 ipsu
735 1362 803 1401 suo:

172 1425 295 1503 ignorat
307 1426 426 1484 meritis
444 1425 518 1485 dure
533 1444 673 1502 munera,
696 1427 747 1502 qui
761 1427 818 1484 tibi
832 1422 944 1486 librum

197 1509 254 1567 ‘Et
268 1509 320 1586 qui
333 1510 475 1588 miratur,
497 1506 630 1587 Regum,
649 1515 717 1569 tura
731 1508 822 1568 dari.-

552 1643 641 1703 cxfl.

172 1753 247 1813 Cum
263 1759 294 1812 te
307 1773 368 1812 non
382 1774 518 1831 nossem,
539 1754 691 1814 dominum
705 1773 870 1835 regemque
884 1757 1040 1815 vocabam:

162 1857 163 1861 ¹
212 1836 298 1897 Nunc
313 1840 392 1898 bene
407 1847 438 1898 te
454 1841 537 1898 novi:
558 1841 617 1898 iam
633 1840 707 1898 mihi
722 1840 844 1898 Priscus
858 1841 930 1900 eris.

551 1952 652 2011 cxlh.

172 2048 378 2124 Quaecunque
393 2044 454 2104 lusi
468 2047 586 2106 iuvenis
600 2053 632 2106 et
645 2065 722 2128 puer
738 2047 889 2127 quondam

171 2131 347 2208 Apinasque
361 2135 496 2205 nostras,
520 2150 592 2207 quas
605 2149 664 2189 nec
678 2132 744 2210 ipse
758 2133 818 2192 iam
831 2134 916 2210 novi,

171 2211 255 2272 Male
272 2210 426 2271 collocare
445 2213 470 2271 si
485 2214 579 2272 bonas
593 2212 678 2274 voles
693 2215 784 2275 horas

91 2355 93 2359 ,
170 2297 212 2353 Et
225 2295 376 2355 invidebis
391 2297 453 2355 otio
470 2301 539 2372 tuo,
560 2296 675 2374 lector,

149 2380 198 2438 ah
214 2377 376 2440 Valeriano
392 2377 480 2439 Polio
495 2388 587 2459 petes¹
600 2381 729 2458 Quinto,

170 2463 231 2523 Per
247 2482 336 2541 quem
349 2465 454 2544 perire
468 2482 529 2523 non
543 2463 619 2524 licet
633 2465 708 2526 meis
722 2466 818 2544 nugis.

547 2597 652 2661 cxlv.

170 2709 235 2767 Hos
248 2710 305 2768 tibi
320 2711 451 2788 vicinos,
469 2710 631 2791 Faustine,
654 2712 865 2794 Telesphorus
880 2714 988 2774 hortos

211 2793 343 2851 Faenius
359 2800 391 2853 et
405 2796 498 2854 breve
516 2817 569 2856 rus
583 2797 704 2875 udaque
717 2805 805 2878 prata
818 2804 915 2860 tenet.

170 2875 317 2936 Condidit
332 2878 382 2936 hic
395 2884 484 2938 natae
499 2881 620 2939 cineres
634 2898 807 2958 nomenque
822 2882 952 2941 sacravit

213 2960 301 3035 Quod
312 2959 391 3039 legis
405 2961 565 3039 Antullae,
585 2961 705 3040 dignior
719 2965 785 3042 ipse
799 2962 870 3042 legi.

150 3042 221 3103 and
239 3044 358 3122 Stygias
374 3065 500 3124 aequum
516 3046 618 3104 fuerat
633 3051 721 3124 pater
735 3048 811 3107 isset
825 3057 859 3108 ut
875 3049 1012 3110 umbras:

211 3128 300 3204 Quod
315 3129 384 3207 quia
398 3148 458 3187 non
472 3128 575 3206 licuit,
594 3129 689 3208 vivat,
708 3136 742 3190 ut
757 3150 824 3192 ossa
839 3130 928 3194 colat.

555 3240 646 3303 CXV.

170 3335 325 3410 Quaedam
337 3355 386 3396 me
401 3338 500 3416 cupit,
517 3338 621 3397 invide
634 3339 785 3417 Procille,

168 3420 245 3515 Loto
262 3420 419 3480 candidior
432 3419 534 3501 puella
550 3440 662 3507 cygno,
