2264 3786
91 181 151 248 ιιι
408 152 797 246 munitissimus

177 336 327 411 Quantum
342 333 452 395 Lesbia
467 354 527 395 uon
543 333 629 396 dedit
642 333 775 398 Catullo.

175 418 222 478 'l'e
235 419 345 477 vicinia
358 423 437 495 tota,
452 424 485 478 te
498 417 614 498 pilosus
657 411 661 422 ’

154 503 307 562 5Hircoso
326 502 438 581 premit
453 501 556 562 osculo
573 501 705 561 colonus.

47 586 56 603 ’
174 585 254 643 Hinc
268 585 362 643 instat
375 586 431 644 tibi
447 590 564 662 textor,
581 583 653 644 inde
667 582 761 660 fullo,
806 634 808 641 .

173 668 253 727 Hinc
268 673 353 727 sutor
367 666 456 727 modo
471 667 553 747 pelle
567 669 697 745 basiate,

172 751 253 811 Hine
267 751 361 810 menti
376 748 513 811 dominus
526 749 713 831 pediculosi,
873 820 875 825 A

158 835 253 893 *Hine
268 844 289 904 †,
301 832 489 912 desioeulus,
510 834 583 894 iude
596 833 712 914 lippus,
809 855 811 861 ·

133 917 368 995 10Fellut0rque
381 935 552 995 recensque
566 916 765 996 eunniliugus.
821 942 836 977 ·,

173 1001 234 1063 Iam
249 1001 328 1059 tanti
342 1001 398 1060 tibi
411 1000 546 1060 nonfuit
558 999 673 1061 redire.

572 1131 635 1194 LX.

173 1242 282 1304 Martis
298 1240 416 1302 alumne
430 1241 512 1319 dies,
531 1263 651 1304 roseam
665 1263 724 1323 quo
738 1241 877 1324 lampada
890 1247 1027 1328 primum

215 1328 385 1405 Magnaque
399 1326 513 1387 siderei
528 1327 656 1387 vidimus
670 1347 723 1386 ora
737 1326 804 1404 dei,

174 1411 207 1470 Si
221 1416 253 1469 te
268 1427 339 1469 rure
355 1407 416 1468 coli
433 1410 607 1491 viridesque
621 1410 750 1490 pudebit
762 1409 801 1470 ad
815 1430 900 1490 aras,
1013 1422 1018 1430 ’

216 1494 274 1569 Qui
289 1493 391 1552 fueras
407 1492 494 1569 Latia
509 1492 609 1554 uultus
622 1496 655 1552 in
669 1495 744 1553 urbe
759 1494 851 1554 mihi:

152 1578 220 1638 5Da
232 1577 365 1654 veniam,
387 1578 503 1637 servire
516 1579 592 1637 meis
608 1558 689 1656 quoti
702 1574 774 1637 nolo
789 1573 958 1656 Kalendis‚

214 1661 256 1720 Et
271 1679 329 1738 qua
346 1679 411 1719 sum
424 1662 561 1739 genitus,
581 1662 683 1721 vivere
697 1659 768 1721 luce
782 1658 862 1723 volo.

542 1794 610 1872 ux,
631 1796 660 1857 ι.

172 1903 273 1964 Natali
286 1903 405 1984 pallere
420 1924 490 1979 suo,
506 1923 546 1964 ne
562 1903 646 1964 calda
661 1902 784 1972 Sabello
820 1916 824 1921 '

214 1986 300 2046 Desit
314 1994 346 2047 et
360 1994 393 2047 ut
405 1986 554 2068 liquidum
567 1994 655 2068 putet
668 1987 785 2047 Alauda
798 1992 931 2067 merum,

177 2067 314 2128 Turbida
327 2068 458 2129 sollicito
473 2073 681 2131 transmittere
697 2072 836 2131 Caecuba
850 2091 957 2152 nuceo,

213 2152 314 2230 Atque
328 2154 409 2212 inter
423 2167 542 2212 mensas
556 2157 620 2231 ire,
641 2152 746 2214 redire
761 2165 846 2229 suas}

151 2234 323 2315 5Eueipere
338 2236 395 2295 hos
408 2234 495 2314 illos,
519 2243 552 2295 et
564 2241 629 2296 tota
643 2255 770 2315 surgere
786 2256 862 2309 cena

213 2315 366 2379 Marmora
381 2319 545 2400 calcantem
560 2318 720 2398 frigidiora
733 2318 821 2400 gelu:

172 2402 255 2477 Quae
271 2404 348 2463 ratio
364 2409 426 2481 est,
444 2404 520 2463 haee
536 2406 645 2483 sponte
659 2423 712 2464 sua
724 2403 866 2484 perferre
880 2406 1031 2486 patique,

213 2486 297 2561 Quae
311 2492 343 2546 te
358 2488 384 2546 si
398 2489 501 2548 iubeat
515 2507 571 2548 rex
585 2487 800 2566 dominusque,
821 2489 941 2567 neges?

559 2619 635 2682 LXI.

171 2727 286 2788 Versus
299 2735 332 2788 et
344 2731 437 2789 breve
451 2729 642 2809 vividumque
657 2747 779 2790 carmen

170 2809 204 2869 ln
218 2817 249 2869 te
263 2830 303 2871 ne
316 2813 439 2890 facium,
460 2815 566 2890 times,
586 2813 731 2891 Ligurra,

169 2894 210 2953 Et
224 2893 331 2972 dignus
347 2897 430 2973 cupis
445 2897 503 2954 hoc
517 2906 600 2955 metu
614 2896 722 2956 rideri.

170 2976 232 3036 Sed
243 2977 358 3037 frustra
370 2979 479 3053 metuis
495 2980 639 3058 cupisque
653 2981 777 3040 frustra.

148 3060 204 3118 5111
218 3066 320 3119 tuuros
333 3060 439 3137 Libyn
451 3069 543 3120 ruunt
555 3061 678 3139 leuues,

169 3141 237 3201 Nun
251 3150 321 3201 sunt
333 3141 535 3221 papilionibus
549 3143 679 3207 molesti.

171 3225 322 3303 Quaeras,
345 3240 471 3303 censeo,
493 3229 519 3286 si
532 3225 596 3305 legi
609 3226 749 3304 laboras,

167 3308 254 3385 Nigri
267 3309 393 3368 fornicis
408 3310 525 3368 ebrium
539 3315 676 3389 poetam,

160 3391 223 3468 Qui
236 3395 374 3465 carbone
387 3392 462 3455 rudi
477 3394 625 3481 putrique
639 3400 727 3455 ereis
