<?xml version="1.0" encoding="UTF-8"?>
<!DOCTYPE html PUBLIC "-//W3C//DTD XHTML 1.0 Transitional//EN"
    "http://www.w3.org/TR/xhtml1/DTD/xhtml1-transitional.dtd">
<html xmlns="http://www.w3.org/1999/xhtml" xml:lang="en" lang="en">
 <head>
  <title>
</title>
<meta http-equiv="Content-Type" content="text/html;charset=utf-8" />
  <meta name='ocr-system' content='tesseract 3.04.00' />
  <meta name='ocr-capabilities' content='ocr_page ocr_carea ocr_par ocr_line ocrx_word'/>
</head>
<body>
  <div class='ocr_page' id='page_1' title='image "./epigrammatonlib00martgoog_0108.png"; bbox 0 0 2264 3786; ppageno 0'>
   <div class='ocr_carea' id='block_1_1' title="bbox 247 172 1045 276">
    <p class='ocr_par' dir='ltr' id='par_1_1' title="bbox 247 172 1045 276">
     <span class='ocr_line' id='line_1_1' title="bbox 247 172 1045 276; baseline 0.005 -5"><span class='ocrx_word' id='word_1_1' title='bbox 247 267 249 271; x_wconf 85' lang='grc'>,</span> <span class='ocrx_word' id='word_1_2' title='bbox 289 173 706 269; x_wconf 79' lang='lat' dir='ltr'><strong>urrummnuonnin.</strong></span> <span class='ocrx_word' id='word_1_3' title='bbox 721 172 806 271; x_wconf 63' lang='lat' dir='ltr'>1v.&#39;</span> <span class='ocrx_word' id='word_1_4' title='bbox 1004 212 1045 276; x_wconf 75' lang='lat' dir='ltr'><strong>sa</strong></span> 
     </span>
    </p>
   </div>
   <div class='ocr_carea' id='block_1_2' title="bbox 496 408 562 472">
    <p class='ocr_par' dir='ltr' id='par_1_2' title="bbox 496 408 562 472">
     <span class='ocr_line' id='line_1_2' title="bbox 496 408 562 472; baseline 0.015 -2"><span class='ocrx_word' id='word_1_5' title='bbox 496 408 562 472; x_wconf 85' lang='lat' dir='ltr'><strong>XV.</strong></span> 
     </span>
    </p>
   </div>
   <div class='ocr_carea' id='block_1_3' title="bbox 73 522 1014 1021">
    <p class='ocr_par' dir='ltr' id='par_1_3' title="bbox 73 522 1014 1021">
     <span class='ocr_line' id='line_1_3' title="bbox 98 522 793 601; baseline -0.001 -18"><span class='ocrx_word' id='word_1_6' title='bbox 98 522 190 583; x_wconf 88' lang='lat' dir='ltr'><strong>Mille</strong></span> <span class='ocrx_word' id='word_1_7' title='bbox 205 523 414 583; x_wconf 86' lang='lat' dir='ltr'><strong>tibinummos</strong></span> <span class='ocrx_word' id='word_1_8' title='bbox 430 524 577 583; x_wconf 85' lang='lat' dir='ltr'><strong>hesterna</strong></span> <span class='ocrx_word' id='word_1_9' title='bbox 589 522 659 583; x_wconf 92' lang='lat' dir='ltr'><strong>luce</strong></span> <span class='ocrx_word' id='word_1_10' title='bbox 672 524 793 601; x_wconf 85' lang='lat' dir='ltr'><strong>roganti</strong></span> 
     </span>
     <span class='ocr_line' id='line_1_4' title="bbox 140 605 772 686; baseline 0 -22"><span class='ocrx_word' id='word_1_11' title='bbox 140 607 174 665; x_wconf 94' lang='lat' dir='ltr'><strong>In</strong></span> <span class='ocrx_word' id='word_1_12' title='bbox 190 625 243 666; x_wconf 86' lang='lat' dir='ltr'><strong>sex</strong></span> <span class='ocrx_word' id='word_1_13' title='bbox 257 612 308 665; x_wconf 89' lang='lat' dir='ltr'><strong>aut</strong></span> <span class='ocrx_word' id='word_1_14' title='bbox 323 612 457 686; x_wconf 78' lang='lat' dir='ltr'><strong>septem,</strong></span> <span class='ocrx_word' id='word_1_15' title='bbox 479 607 669 685; x_wconf 69' lang='lat' dir='ltr'><strong>Caeciliam,</strong></span> <span class='ocrx_word' id='word_1_16' title='bbox 689 605 772 684; x_wconf 81' lang='lat' dir='ltr'><strong>dies,</strong></span> 
     </span>
     <span class='ocr_line' id='line_1_5' title="bbox 98 689 799 768; baseline -0.003 -18"><span class='ocrx_word' id='word_1_17' title='bbox 98 691 192 768; x_wconf 84' lang='lat' dir='ltr'><strong>„Nun</strong></span> <span class='ocrx_word' id='word_1_18' title='bbox 205 690 327 750; x_wconf 86' lang='lat' dir='ltr'><strong>habec“</strong></span> <span class='ocrx_word' id='word_1_19' title='bbox 342 689 419 749; x_wconf 83' lang='lat' dir='ltr'><strong>diri:</strong></span> <span class='ocrx_word' id='word_1_20' title='bbox 440 689 496 750; x_wconf 89' lang='lat' dir='ltr'><strong>sed</strong></span> <span class='ocrx_word' id='word_1_21' title='bbox 510 697 544 750; x_wconf 90' lang='lat' dir='ltr'><strong>tu</strong></span> <span class='ocrx_word' id='word_1_22' title='bbox 557 696 697 750; x_wconf 74' lang='lat' dir='ltr'><strong>causatus</strong></span> <span class='ocrx_word' id='word_1_23' title='bbox 711 690 799 749; x_wconf 87' lang='lat' dir='ltr'><strong>amIei</strong></span> 
     </span>
     <span class='ocr_line' id='line_1_6' title="bbox 139 772 806 854; baseline 0.003 -22"><span class='ocrx_word' id='word_1_24' title='bbox 139 772 311 833; x_wconf 82' lang='lat' dir='ltr'><strong>Adventum</strong></span> <span class='ocrx_word' id='word_1_25' title='bbox 324 772 443 833; x_wconf 87' lang='lat' dir='ltr'><strong>lancem</strong></span> <span class='ocrx_word' id='word_1_26' title='bbox 456 792 613 854; x_wconf 85' lang='lat' dir='ltr'><strong>paucaque</strong></span> <span class='ocrx_word' id='word_1_27' title='bbox 626 793 695 834; x_wconf 88' lang='lat' dir='ltr'><strong>vasa</strong></span> <span class='ocrx_word' id='word_1_28' title='bbox 707 790 806 851; x_wconf 84' lang='lat' dir='ltr'><strong>rugus.</strong></span> 
     </span>
     <span class='ocr_line' id='line_1_7' title="bbox 73 854 1014 935; baseline -0.003 -17"><span class='ocrx_word' id='word_1_29' title='bbox 73 856 217 918; x_wconf 84' lang='lat' dir='ltr'><strong>5Stultus</strong></span> <span class='ocrx_word' id='word_1_30' title='bbox 231 858 286 916; x_wconf 70' lang='lat' dir='ltr'><strong>es?</strong></span> <span class='ocrx_word' id='word_1_31' title='bbox 308 876 347 916; x_wconf 89' lang='lat' dir='ltr'><strong>an</strong></span> <span class='ocrx_word' id='word_1_32' title='bbox 361 854 489 917; x_wconf 88' lang='lat' dir='ltr'><strong>stultum</strong></span> <span class='ocrx_word' id='word_1_33' title='bbox 501 875 550 919; x_wconf 90' lang='lat' dir='ltr'><strong>me</strong></span> <span class='ocrx_word' id='word_1_34' title='bbox 567 856 685 933; x_wconf 79' lang='lat' dir='ltr'><strong>credis,</strong></span> <span class='ocrx_word' id='word_1_35' title='bbox 707 857 826 916; x_wconf 74' lang='lat' dir='ltr'><strong>amice?</strong></span> <span class='ocrx_word' id='word_1_36' title='bbox 844 858 951 935; x_wconf 84' lang='lat' dir='ltr'><strong>negavi</strong></span> <span class='ocrx_word' id='word_1_37' title='bbox 1012 860 1014 871; x_wconf 87' lang='lat'>&#39;</span> 
     </span>
     <span class='ocr_line' id='line_1_8' title="bbox 139 939 840 1021; baseline -0.004 -19"><span class='ocrx_word' id='word_1_38' title='bbox 139 939 230 1002; x_wconf 87' lang='lat' dir='ltr'><strong>Mille</strong></span> <span class='ocrx_word' id='word_1_39' title='bbox 243 941 301 1000; x_wconf 86' lang='lat' dir='ltr'><strong>tibi</strong></span> <span class='ocrx_word' id='word_1_40' title='bbox 315 958 468 1019; x_wconf 87' lang='lat' dir='ltr'><strong>nummus,</strong></span> <span class='ocrx_word' id='word_1_41' title='bbox 489 939 575 1001; x_wconf 84' lang='lat' dir='ltr'><strong>milia</strong></span> <span class='ocrx_word' id='word_1_42' title='bbox 590 943 724 1021; x_wconf 83' lang='lat' dir='ltr'><strong>quiaque</strong></span> <span class='ocrx_word' id='word_1_43' title='bbox 738 939 840 1001; x_wconf 69' lang='lat' dir='ltr'><strong>dabo?</strong></span> 
     </span>
    </p>
   </div>
   <div class='ocr_carea' id='block_1_4' title="bbox 463 1073 567 1144">
    <p class='ocr_par' dir='ltr' id='par_1_4' title="bbox 463 1073 567 1144">
     <span class='ocr_line' id='line_1_9' title="bbox 463 1073 567 1144; baseline -0.087 0"><span class='ocrx_word' id='word_1_44' title='bbox 463 1120 474 1144; x_wconf 78' lang='grc'><strong>.</strong></span> <span class='ocrx_word' id='word_1_45' title='bbox 487 1073 567 1138; x_wconf 87' lang='lat' dir='ltr'><strong>XVI.</strong></span> 
     </span>
    </p>
   </div>
   <div class='ocr_carea' id='block_1_5' title="bbox 74 1183 994 1851">
    <p class='ocr_par' dir='ltr' id='par_1_5' title="bbox 74 1183 984 1851">
     <span class='ocr_line' id='line_1_10' title="bbox 97 1183 880 1264; baseline 0.001 -19"><span class='ocrx_word' id='word_1_46' title='bbox 97 1187 272 1264; x_wconf 82' lang='lat' dir='ltr'><strong>Privignum</strong></span> <span class='ocrx_word' id='word_1_47' title='bbox 285 1205 348 1244; x_wconf 92' lang='lat' dir='ltr'><strong>non</strong></span> <span class='ocrx_word' id='word_1_48' title='bbox 363 1203 433 1244; x_wconf 87' lang='lat' dir='ltr'><strong>esse</strong></span> <span class='ocrx_word' id='word_1_49' title='bbox 447 1190 519 1245; x_wconf 88' lang='lat' dir='ltr'><strong>tuac</strong></span> <span class='ocrx_word' id='word_1_50' title='bbox 533 1192 582 1262; x_wconf 82' lang='lat' dir='ltr'><strong>te,</strong></span> <span class='ocrx_word' id='word_1_51' title='bbox 604 1183 710 1260; x_wconf 80' lang='lat' dir='ltr'><strong>Galle,</strong></span> <span class='ocrx_word' id='word_1_52' title='bbox 730 1204 880 1247; x_wconf 87' lang='lat' dir='ltr'><strong>novercae</strong></span> 
     </span>
     <span class='ocr_line' id='line_1_11' title="bbox 137 1267 850 1348; baseline 0.001 -19"><span class='ocrx_word' id='word_1_53' title='bbox 137 1270 253 1329; x_wconf 88' lang='lat' dir='ltr'><strong>Rumor</strong></span> <span class='ocrx_word' id='word_1_54' title='bbox 267 1276 352 1346; x_wconf 86' lang='lat' dir='ltr'><strong>erat,</strong></span> <span class='ocrx_word' id='word_1_55' title='bbox 374 1270 505 1328; x_wconf 85' lang='lat' dir='ltr'><strong>coniunx</strong></span> <span class='ocrx_word' id='word_1_56' title='bbox 519 1268 591 1328; x_wconf 84' lang='lat' dir='ltr'><strong>dum</strong></span> <span class='ocrx_word' id='word_1_57' title='bbox 602 1268 663 1327; x_wconf 84' lang='lat' dir='ltr'><strong>fuit</strong></span> <span class='ocrx_word' id='word_1_58' title='bbox 676 1267 730 1328; x_wconf 89' lang='lat' dir='ltr'><strong>iIIa</strong></span> <span class='ocrx_word' id='word_1_59' title='bbox 743 1271 850 1348; x_wconf 84' lang='lat' dir='ltr'><strong>putris.</strong></span> 
     </span>
     <span class='ocr_line' id='line_1_12' title="bbox 78 1352 878 1436; baseline 0.001 -24.025"><span class='ocrx_word' id='word_1_60' title='bbox 78 1353 166 1436; x_wconf 88' lang='lat' dir='ltr'><strong>Non</strong></span> <span class='ocrx_word' id='word_1_61' title='bbox 179 1359 283 1412; x_wconf 89' lang='lat' dir='ltr'><strong>tamen</strong></span> <span class='ocrx_word' id='word_1_62' title='bbox 297 1354 356 1412; x_wconf 91' lang='lat' dir='ltr'><strong>hoc</strong></span> <span class='ocrx_word' id='word_1_63' title='bbox 370 1358 495 1432; x_wconf 87' lang='lat' dir='ltr'><strong>poterat</strong></span> <span class='ocrx_word' id='word_1_64' title='bbox 508 1355 574 1413; x_wconf 83' lang='lat' dir='ltr'><strong>vivo</strong></span> <span class='ocrx_word' id='word_1_65' title='bbox 591 1352 732 1430; x_wconf 85' lang='lat' dir='ltr'><strong>genitore</strong></span> <span class='ocrx_word' id='word_1_66' title='bbox 744 1353 878 1430; x_wconf 88' lang='lat' dir='ltr'><strong>probari.</strong></span> 
     </span>
     <span class='ocr_line' id='line_1_13' title="bbox 138 1433 994 1516; baseline 0.001 -20"><span class='ocrx_word' id='word_1_67' title='bbox 138 1438 224 1496; x_wconf 94' lang='lat' dir='ltr'><strong>Iam</strong></span> <span class='ocrx_word' id='word_1_68' title='bbox 212 1456 359 1515; x_wconf 79' lang='lat' dir='ltr'><strong>nusquam</strong></span> <span class='ocrx_word' id='word_1_69' title='bbox 373 1442 465 1516; x_wconf 88' lang='lat' dir='ltr'><strong>pater</strong></span> <span class='ocrx_word' id='word_1_70' title='bbox 479 1441 528 1495; x_wconf 87' lang='lat' dir='ltr'><strong>est</strong></span> <span class='ocrx_word' id='word_1_71' title='bbox 535 1433 671 1514; x_wconf 83' lang='lat' dir='ltr'><strong>‚Galle‚</strong></span> <span class='ocrx_word' id='word_1_72' title='bbox 693 1453 826 1495; x_wconf 84' lang='lat' dir='ltr'><strong>nouerca</strong></span> <span class='ocrx_word' id='word_1_73' title='bbox 841 1436 922 1497; x_wconf 81' lang='lat' dir='ltr'><strong>durni</strong></span> <span class='ocrx_word' id='word_1_74' title='bbox 936 1443 994 1497; x_wconf 89' lang='lat' dir='ltr'><strong>est.</strong></span> 
     </span>
     <span class='ocr_line' id='line_1_14' title="bbox 74 1517 873 1599; baseline -0.001 -17"><span class='ocrx_word' id='word_1_75' title='bbox 74 1521 241 1599; x_wconf 85' lang='lat' dir='ltr'><strong>5Magnus</strong></span> <span class='ocrx_word' id='word_1_76' title='bbox 243 1522 280 1579; x_wconf 92' lang='lat' dir='ltr'><strong>ab</strong></span> <span class='ocrx_word' id='word_1_77' title='bbox 297 1521 429 1580; x_wconf 86' lang='lat' dir='ltr'><strong>infernis</strong></span> <span class='ocrx_word' id='word_1_78' title='bbox 443 1527 607 1580; x_wconf 75' lang='lat' dir='ltr'><strong>revocetur</strong></span> <span class='ocrx_word' id='word_1_79' title='bbox 623 1517 744 1578; x_wconf 74' lang='lat' dir='ltr'><strong>Pullius</strong></span> <span class='ocrx_word' id='word_1_80' title='bbox 757 1521 873 1581; x_wconf 89' lang='lat' dir='ltr'><strong>umbris</strong></span> 
     </span>
     <span class='ocr_line' id='line_1_15' title="bbox 136 1602 729 1683; baseline -0.002 -20"><span class='ocrx_word' id='word_1_81' title='bbox 136 1605 178 1664; x_wconf 82' lang='lat' dir='ltr'><strong>Et</strong></span> <span class='ocrx_word' id='word_1_82' title='bbox 194 1611 227 1663; x_wconf 91' lang='lat' dir='ltr'><strong>te</strong></span> <span class='ocrx_word' id='word_1_83' title='bbox 243 1602 390 1663; x_wconf 84' lang='lat' dir='ltr'><strong>defendat</strong></span> <span class='ocrx_word' id='word_1_84' title='bbox 406 1603 564 1682; x_wconf 84' lang='lat' dir='ltr'><strong>Regulus</strong></span> <span class='ocrx_word' id='word_1_85' title='bbox 554 1622 622 1683; x_wconf 80' lang='lat' dir='ltr'><strong>ipse</strong></span> <span class='ocrx_word' id='word_1_86' title='bbox 636 1602 729 1680; x_wconf 81' lang='lat' dir='ltr'><strong>licet,</strong></span> 
     </span>
     <span class='ocr_line' id='line_1_16' title="bbox 95 1685 886 1767; baseline -0.001 -20"><span class='ocrx_word' id='word_1_87' title='bbox 95 1687 164 1747; x_wconf 87' lang='lat' dir='ltr'><strong>Nun</strong></span> <span class='ocrx_word' id='word_1_88' title='bbox 176 1694 266 1767; x_wconf 86' lang='lat' dir='ltr'><strong>potes</strong></span> <span class='ocrx_word' id='word_1_89' title='bbox 281 1687 411 1746; x_wconf 86' lang='lat' dir='ltr'><strong>absolvi·</strong></span> <span class='ocrx_word' id='word_1_90' title='bbox 434 1707 503 1747; x_wconf 87' lang='lat' dir='ltr'><strong>nam</strong></span> <span class='ocrx_word' id='word_1_91' title='bbox 519 1706 597 1767; x_wconf 85' lang='lat' dir='ltr'><strong>quae</strong></span> <span class='ocrx_word' id='word_1_92' title='bbox 611 1705 672 1744; x_wconf 89' lang='lat' dir='ltr'><strong>non</strong></span> <span class='ocrx_word' id='word_1_93' title='bbox 690 1685 804 1744; x_wconf 86' lang='lat' dir='ltr'><strong>desinit</strong></span> <span class='ocrx_word' id='word_1_94' title='bbox 818 1704 886 1746; x_wconf 85' lang='lat' dir='ltr'><strong>esse</strong></span> 
     </span>
     <span class='ocr_line' id='line_1_17' title="bbox 77 1768 917 1851; baseline 0.001 -21"><span class='ocrx_word' id='word_1_95' title='bbox 77 1794 79 1798; x_wconf 51' lang='lat'><em>⁴</em></span> <span class='ocrx_word' id='word_1_96' title='bbox 136 1773 212 1830; x_wconf 85' lang='lat' dir='ltr'><strong>Post</strong></span> <span class='ocrx_word' id='word_1_97' title='bbox 229 1781 366 1851; x_wconf 84' lang='lat' dir='ltr'><strong>patrem,</strong></span> <span class='ocrx_word' id='word_1_98' title='bbox 387 1789 556 1849; x_wconf 87' lang='lat' dir='ltr'><strong>nunquam,</strong></span> <span class='ocrx_word' id='word_1_99' title='bbox 578 1768 685 1846; x_wconf 84' lang='lat' dir='ltr'><strong>Galle,</strong></span> <span class='ocrx_word' id='word_1_100' title='bbox 703 1786 836 1828; x_wconf 86' lang='lat' dir='ltr'><strong>noverca</strong></span> <span class='ocrx_word' id='word_1_101' title='bbox 848 1769 917 1832; x_wconf 81' lang='lat' dir='ltr'><strong>fuit.</strong></span> 
     </span>
    </p>
   </div>
   <div class='ocr_carea' id='block_1_6' title="bbox 370 1903 571 1973">
    <p class='ocr_par' dir='ltr' id='par_1_6' title="bbox 370 1903 571 1973">
     <span class='ocr_line' id='line_1_18' title="bbox 370 1903 571 1973; baseline -0.01 -12"><span class='ocrx_word' id='word_1_102' title='bbox 370 1946 376 1961; x_wconf 88' lang='lat'><em>.</em></span> <span class='ocrx_word' id='word_1_103' title='bbox 459 1903 571 1973; x_wconf 21' lang='lat' dir='ltr'><strong>*XVII</strong></span> 
     </span>
    </p>
   </div>
   <div class='ocr_carea' id='block_1_7' title="bbox 95 2015 880 2262">
    <p class='ocr_par' dir='ltr' id='par_1_7' title="bbox 95 2015 880 2262">
     <span class='ocr_line' id='line_1_19' title="bbox 95 2015 880 2095; baseline 0.001 -19"><span class='ocrx_word' id='word_1_104' title='bbox 95 2018 212 2077; x_wconf 87' lang='lat' dir='ltr'><strong>Facere</strong></span> <span class='ocrx_word' id='word_1_105' title='bbox 227 2018 259 2075; x_wconf 90' lang='lat' dir='ltr'><strong>iu</strong></span> <span class='ocrx_word' id='word_1_106' title='bbox 274 2017 447 2094; x_wconf 81' lang='lat' dir='ltr'><strong>Lyciscam,</strong></span> <span class='ocrx_word' id='word_1_107' title='bbox 466 2015 577 2093; x_wconf 86' lang='lat' dir='ltr'><strong>Paule,</strong></span> <span class='ocrx_word' id='word_1_108' title='bbox 595 2036 643 2076; x_wconf 93' lang='lat' dir='ltr'><strong>me</strong></span> <span class='ocrx_word' id='word_1_109' title='bbox 656 2018 744 2077; x_wconf 89' lang='lat' dir='ltr'><strong>iubes</strong></span> <span class='ocrx_word' id='word_1_110' title='bbox 757 2035 880 2095; x_wconf 77' lang='lat' dir='ltr'><strong>versus,</strong></span> 
     </span>
     <span class='ocr_line' id='line_1_20' title="bbox 96 2099 712 2176; baseline 0 -16"><span class='ocrx_word' id='word_1_111' title='bbox 96 2099 212 2176; x_wconf 80' lang='lat' dir='ltr'><strong>Quibus</strong></span> <span class='ocrx_word' id='word_1_112' title='bbox 226 2099 280 2159; x_wconf 85' lang='lat' dir='ltr'><strong>illa</strong></span> <span class='ocrx_word' id='word_1_113' title='bbox 297 2100 389 2160; x_wconf 87' lang='lat' dir='ltr'><strong>lectis</strong></span> <span class='ocrx_word' id='word_1_114' title='bbox 401 2102 510 2159; x_wconf 86' lang='lat' dir='ltr'><strong>rubeat</strong></span> <span class='ocrx_word' id='word_1_115' title='bbox 525 2107 558 2159; x_wconf 87' lang='lat' dir='ltr'><strong>et</strong></span> <span class='ocrx_word' id='word_1_116' title='bbox 572 2102 612 2160; x_wconf 91' lang='lat' dir='ltr'><strong>sit</strong></span> <span class='ocrx_word' id='word_1_117' title='bbox 626 2103 712 2161; x_wconf 87' lang='lat' dir='ltr'><strong>irata.</strong></span> 
     </span>
     <span class='ocr_line' id='line_1_21' title="bbox 96 2182 853 2262; baseline 0.003 -18"><span class='ocrx_word' id='word_1_118' title='bbox 96 2185 122 2244; x_wconf 93' lang='lat'>0</span> <span class='ocrx_word' id='word_1_119' title='bbox 137 2183 248 2262; x_wconf 84' lang='lat' dir='ltr'><strong>Paule,</strong></span> <span class='ocrx_word' id='word_1_120' title='bbox 270 2182 366 2244; x_wconf 90' lang='lat' dir='ltr'><strong>malus</strong></span> <span class='ocrx_word' id='word_1_121' title='bbox 380 2202 428 2245; x_wconf 89' lang='lat' dir='ltr'><strong>es:</strong></span> <span class='ocrx_word' id='word_1_122' title='bbox 449 2185 600 2245; x_wconf 87' lang='lat' dir='ltr'><strong>irrumare</strong></span> <span class='ocrx_word' id='word_1_123' title='bbox 612 2187 659 2247; x_wconf 77' lang='grc' dir='ltr'><strong>ιίι</strong></span> <span class='ocrx_word' id='word_1_124' title='bbox 675 2186 766 2249; x_wconf 87' lang='lat' dir='ltr'><strong>sulus.</strong></span> <span class='ocrx_word' id='word_1_125' title='bbox 851 2214 853 2218; x_wconf 52' lang='lat'>&gt;</span> 
     </span>
    </p>
   </div>
   <div class='ocr_carea' id='block_1_8' title="bbox 478 2333 584 2396">
    <p class='ocr_par' dir='ltr' id='par_1_8' title="bbox 478 2333 584 2396">
     <span class='ocr_line' id='line_1_22' title="bbox 478 2333 584 2396; baseline -0.009 -3"><span class='ocrx_word' id='word_1_126' title='bbox 478 2333 584 2396; x_wconf 86' lang='lat' dir='ltr'><strong>XVIII.</strong></span> 
     </span>
    </p>
   </div>
   <div class='ocr_carea' id='block_1_9' title="bbox 72 2443 856 3110">
    <p class='ocr_par' dir='ltr' id='par_1_9' title="bbox 72 2443 856 3110">
     <span class='ocr_line' id='line_1_23' title="bbox 98 2443 793 2526; baseline -0.001 -22"><span class='ocrx_word' id='word_1_127' title='bbox 98 2447 163 2522; x_wconf 80' lang='lat' dir='ltr'><strong>Qua</strong></span> <span class='ocrx_word' id='word_1_128' title='bbox 179 2447 278 2504; x_wconf 87' lang='lat' dir='ltr'><strong>vicina</strong></span> <span class='ocrx_word' id='word_1_129' title='bbox 292 2444 370 2524; x_wconf 89' lang='lat' dir='ltr'><strong>pluit</strong></span> <span class='ocrx_word' id='word_1_130' title='bbox 385 2446 528 2526; x_wconf 84' lang='lat' dir='ltr'><strong>Vipsanis</strong></span> <span class='ocrx_word' id='word_1_131' title='bbox 542 2443 631 2523; x_wconf 75' lang='lat' dir='ltr'><strong>parta</strong></span> <span class='ocrx_word' id='word_1_132' title='bbox 646 2443 793 2503; x_wconf 80' lang='lat' dir='ltr'><strong>columnis</strong></span> 
     </span>
     <span class='ocr_line' id='line_1_24' title="bbox 137 2526 856 2607; baseline -0.003 -19"><span class='ocrx_word' id='word_1_133' title='bbox 137 2530 177 2588; x_wconf 78' lang='lat' dir='ltr'><strong>lit</strong></span> <span class='ocrx_word' id='word_1_134' title='bbox 192 2529 295 2588; x_wconf 84' lang='lat' dir='ltr'><strong>madet</strong></span> <span class='ocrx_word' id='word_1_135' title='bbox 309 2528 429 2593; x_wconf 85' lang='lat' dir='ltr'><strong>assiduo</strong></span> <span class='ocrx_word' id='word_1_136' title='bbox 442 2528 578 2588; x_wconf 83' lang='lat' dir='ltr'><strong>lubricus</strong></span> <span class='ocrx_word' id='word_1_137' title='bbox 591 2528 689 2587; x_wconf 87' lang='lat' dir='ltr'><strong>imbre</strong></span> <span class='ocrx_word' id='word_1_138' title='bbox 702 2526 797 2607; x_wconf 82' lang='lat' dir='ltr'><strong>Iapis,</strong></span> <span class='ocrx_word' id='word_1_139' title='bbox 854 2558 856 2563; x_wconf 36' lang='lat' dir='ltr'>v</span> 
     </span>
     <span class='ocr_line' id='line_1_25' title="bbox 94 2609 855 2692; baseline -0.001 -19"><span class='ocrx_word' id='word_1_140' title='bbox 94 2614 156 2673; x_wconf 93' lang='lat' dir='ltr'><strong>In</strong></span> <span class='ocrx_word' id='word_1_141' title='bbox 146 2612 280 2690; x_wconf 80' lang='lat' dir='ltr'><strong>iugulum</strong></span> <span class='ocrx_word' id='word_1_142' title='bbox 293 2614 401 2692; x_wconf 87' lang='lat' dir='ltr'><strong>pueri,</strong></span> <span class='ocrx_word' id='word_1_143' title='bbox 424 2612 475 2690; x_wconf 85' lang='lat' dir='ltr'><strong>qui</strong></span> <span class='ocrx_word' id='word_1_144' title='bbox 488 2609 610 2669; x_wconf 86' lang='lat' dir='ltr'><strong>roscida</strong></span> <span class='ocrx_word' id='word_1_145' title='bbox 623 2616 705 2670; x_wconf 84' lang='lat' dir='ltr'><strong>tecta</strong></span> <span class='ocrx_word' id='word_1_146' title='bbox 719 2613 855 2691; x_wconf 78' lang='lat' dir='ltr'><strong>subibat,</strong></span> 
     </span>
     <span class='ocr_line' id='line_1_26' title="bbox 137 2695 813 2776; baseline 0.008 -26"><span class='ocrx_word' id='word_1_147' title='bbox 137 2695 259 2756; x_wconf 84' lang='lat' dir='ltr'><strong>Decidit</strong></span> <span class='ocrx_word' id='word_1_148' title='bbox 272 2698 402 2756; x_wconf 86' lang='lat' dir='ltr'><strong>hiberno</strong></span> <span class='ocrx_word' id='word_1_149' title='bbox 418 2696 594 2776; x_wconf 80' lang='lat' dir='ltr'><strong>praegravis</strong></span> <span class='ocrx_word' id='word_1_150' title='bbox 608 2695 689 2755; x_wconf 85' lang='lat' dir='ltr'><strong>unda</strong></span> <span class='ocrx_word' id='word_1_151' title='bbox 704 2695 813 2774; x_wconf 84' lang='lat' dir='ltr'><strong>gelu:</strong></span> 
     </span>
     <span class='ocr_line' id='line_1_27' title="bbox 72 2776 785 2861; baseline 0.001 -22"><span class='ocrx_word' id='word_1_152' title='bbox 72 2781 234 2858; x_wconf 64' lang='lat' dir='ltr'><strong>fucumque</strong></span> <span class='ocrx_word' id='word_1_153' title='bbox 249 2782 422 2861; x_wconf 84' lang='lat' dir='ltr'><strong>peregisset</strong></span> <span class='ocrx_word' id='word_1_154' title='bbox 434 2781 539 2838; x_wconf 80' lang='lat' dir='ltr'><strong>miseri</strong></span> <span class='ocrx_word' id='word_1_155' title='bbox 530 2776 691 2838; x_wconf 88' lang='lat' dir='ltr'><strong>&#39;crudelia</strong></span> <span class='ocrx_word' id='word_1_156' title='bbox 706 2780 785 2857; x_wconf 76' lang='lat' dir='ltr'><strong>fata,</strong></span> 
     </span>
     <span class='ocr_line' id='line_1_28' title="bbox 140 2858 790 2924; baseline 0.002 -2.009"><span class='ocrx_word' id='word_1_157' title='bbox 140 2864 276 2924; x_wconf 83' lang='lat' dir='ltr'><strong>Iabuit&#39;</strong></span> <span class='ocrx_word' id='word_1_158' title='bbox 267 2883 299 2923; x_wconf 91' lang='lat' dir='ltr'><strong>1n</strong></span> <span class='ocrx_word' id='word_1_159' title='bbox 316 2864 414 2923; x_wconf 89' lang='lat' dir='ltr'><strong>calido</strong></span> <span class='ocrx_word' id='word_1_160' title='bbox 429 2858 556 2923; x_wconf 83' lang='lat' dir='ltr'><strong>vulnere</strong></span> <span class='ocrx_word' id='word_1_161' title='bbox 571 2883 676 2923; x_wconf 87' lang='lat' dir='ltr'><strong>mucro</strong></span> <span class='ocrx_word' id='word_1_162' title='bbox 690 2871 790 2924; x_wconf 84' lang='lat' dir='ltr'><strong>tener.</strong></span> 
     </span>
     <span class='ocr_line' id='line_1_29' title="bbox 97 2945 822 3024; baseline 0 -18"><span class='ocrx_word' id='word_1_163' title='bbox 97 2948 178 3024; x_wconf 80' lang='lat' dir='ltr'><strong>Quid</strong></span> <span class='ocrx_word' id='word_1_164' title='bbox 190 2967 252 3007; x_wconf 89' lang='lat' dir='ltr'><strong>non</strong></span> <span class='ocrx_word' id='word_1_165' title='bbox 267 2966 355 3007; x_wconf 89' lang='lat' dir='ltr'><strong>saeva</strong></span> <span class='ocrx_word' id='word_1_166' title='bbox 369 2950 428 3007; x_wconf 86' lang='lat' dir='ltr'><strong>sibi</strong></span> <span class='ocrx_word' id='word_1_167' title='bbox 442 2945 538 3007; x_wconf 82' lang='lat' dir='ltr'><strong>voluit</strong></span> <span class='ocrx_word' id='word_1_168' title='bbox 552 2948 690 3008; x_wconf 88' lang='lat' dir='ltr'><strong>Fortuna</strong></span> <span class='ocrx_word' id='word_1_169' title='bbox 703 2946 822 3008; x_wconf 70' lang='lat' dir='ltr'><strong>licere?</strong></span> 
     </span>
     <span class='ocr_line' id='line_1_30' title="bbox 137 3031 850 3110; baseline -0.006 -18"><span class='ocrx_word' id='word_1_170' title='bbox 137 3034 199 3092; x_wconf 86' lang='lat' dir='ltr'><strong>Aut</strong></span> <span class='ocrx_word' id='word_1_171' title='bbox 212 3032 264 3092; x_wconf 89' lang='lat' dir='ltr'><strong>ubi</strong></span> <span class='ocrx_word' id='word_1_172' title='bbox 278 3051 340 3090; x_wconf 90' lang='lat' dir='ltr'><strong>non</strong></span> <span class='ocrx_word' id='word_1_173' title='bbox 353 3052 435 3091; x_wconf 87' lang='lat' dir='ltr'><strong>mors</strong></span> <span class='ocrx_word' id='word_1_174' title='bbox 452 3039 514 3109; x_wconf 81' lang='lat' dir='ltr'><strong>est,</strong></span> <span class='ocrx_word' id='word_1_175' title='bbox 535 3050 562 3090; x_wconf 80' lang='lat' dir='ltr'><strong>sa</strong></span> <span class='ocrx_word' id='word_1_176' title='bbox 553 3031 718 3110; x_wconf 82' lang='lat' dir='ltr'><strong>iugulatis</strong></span> <span class='ocrx_word' id='word_1_177' title='bbox 733 3031 850 3110; x_wconf 76' lang='lat' dir='ltr'><strong>aquae?</strong></span> 
     </span>
    </p>
   </div>
   <div class='ocr_carea' id='block_1_10' title="bbox 361 3165 595 3229">
    <p class='ocr_par' dir='ltr' id='par_1_10' title="bbox 361 3165 595 3229">
     <span class='ocr_line' id='line_1_31' title="bbox 361 3165 595 3229; baseline 0.017 -4"><span class='ocrx_word' id='word_1_178' title='bbox 361 3203 365 3206; x_wconf 89' lang='lat'><em>-</em></span> <span class='ocrx_word' id='word_1_179' title='bbox 486 3165 595 3229; x_wconf 84' lang='lat' dir='ltr'><strong>XIX..</strong></span> 
     </span>
    </p>
   </div>
   <div class='ocr_carea' id='block_1_11' title="bbox 93 3273 943 3524">
    <p class='ocr_par' dir='ltr' id='par_1_11' title="bbox 93 3273 943 3524">
     <span class='ocr_line' id='line_1_32' title="bbox 93 3273 943 3358; baseline -0.005 -20"><span class='ocrx_word' id='word_1_180' title='bbox 93 3277 180 3338; x_wconf 87' lang='lat' dir='ltr'><strong>Hanc</strong></span> <span class='ocrx_word' id='word_1_181' title='bbox 194 3278 252 3336; x_wconf 89' lang='lat' dir='ltr'><strong>tibi</strong></span> <span class='ocrx_word' id='word_1_182' title='bbox 267 3277 454 3356; x_wconf 75' lang='lat' dir='ltr'><strong>Sequanicae</strong></span> <span class='ocrx_word' id='word_1_183' title='bbox 467 3280 611 3358; x_wconf 83' lang='lat' dir='ltr'><strong>pinguem</strong></span> <span class='ocrx_word' id='word_1_184' title='bbox 626 3277 764 3338; x_wconf 80' lang='lat' dir='ltr'><strong>textricis</strong></span> <span class='ocrx_word' id='word_1_185' title='bbox 778 3273 943 3352; x_wconf 79' lang='lat' dir='ltr'><strong>alumnam,</strong></span> 
     </span>
     <span class='ocr_line' id='line_1_33' title="bbox 138 3359 902 3443; baseline -0.004 -24"><span class='ocrx_word' id='word_1_186' title='bbox 138 3361 223 3436; x_wconf 79' lang='lat' dir='ltr'><strong>Quae</strong></span> <span class='ocrx_word' id='word_1_187' title='bbox 237 3361 509 3421; x_wconf 85' lang='lat' dir='ltr'><strong>Lacedaemonium</strong></span> <span class='ocrx_word' id='word_1_188' title='bbox 524 3364 653 3443; x_wconf 85' lang='lat' dir='ltr'><strong>barbara</strong></span> <span class='ocrx_word' id='word_1_189' title='bbox 665 3377 777 3418; x_wconf 89' lang='lat' dir='ltr'><strong>nomen</strong></span> <span class='ocrx_word' id='word_1_190' title='bbox 788 3359 902 3435; x_wconf 77' lang='lat' dir='ltr'><strong>habet,</strong></span> 
     </span>
     <span class='ocr_line' id='line_1_34' title="bbox 97 3441 901 3524; baseline -0.002 -21"><span class='ocrx_word' id='word_1_191' title='bbox 97 3443 245 3523; x_wconf 83' lang='lat' dir='ltr'><strong>Sordida,</strong></span> <span class='ocrx_word' id='word_1_192' title='bbox 268 3444 324 3504; x_wconf 84' lang='lat' dir='ltr'><strong>sed</strong></span> <span class='ocrx_word' id='word_1_193' title='bbox 338 3445 439 3524; x_wconf 88' lang='lat' dir='ltr'><strong>gelido</strong></span> <span class='ocrx_word' id='word_1_194' title='bbox 453 3465 515 3505; x_wconf 89' lang='lat' dir='ltr'><strong>non</strong></span> <span class='ocrx_word' id='word_1_195' title='bbox 531 3441 721 3524; x_wconf 87' lang='lat' dir='ltr'><strong>aspernanda</strong></span> <span class='ocrx_word' id='word_1_196' title='bbox 737 3442 901 3503; x_wconf 88' lang='lat' dir='ltr'><strong>Decembri</strong></span> 
     </span>
    </p>
   </div>
   <div class='ocr_carea' id='block_1_12' title="bbox 0 0 1136 3786">
    <p class='ocr_par' dir='ltr' id='par_1_12' title="bbox 0 0 1136 3786">
     <span class='ocr_line' id='line_1_35' title="bbox 0 0 1136 3786; baseline 0 0"><span class='ocrx_word' id='word_1_197' title='bbox 0 0 1136 3786; x_wconf 95' lang='lat' dir='ltr'><strong> </strong></span> 
     </span>
    </p>
   </div>
  </div>
 </body>
</html>
