2264 3786
90 212 134 278 ss
250 293 256 303 Ι
399 196 819 277 njvanmnnrmms·

105 388 112 418 ι
215 363 323 442 Qualia
337 383 389 443 qm
380 363 533 429 Phariae
548 363 685 442 coniugis
699 384 781 424 arma
795 363 918 428 tulit.

152 447 379 511 5Excideratne
397 446 473 508 adeo
487 447 583 507 fatum
598 448 656 506 tibi
672 448 804 507 nominis
817 449 925 529 huius,

216 532 328 593 Obruit
342 532 461 591 Actiaci
477 529 559 608 quod
573 530 672 609 gravis
686 517 732 591 ira
747 531 872 597 freti?
961 578 964 585 .

174 617 223 676 An
238 617 296 677 tibi
310 615 452 696 promisit
464 613 590 678 Rhenus
606 612 687 691 quud
702 633 763 675 non
780 612 868 676 dedit
878 614 927 680 illl

214 697 318 778 Nilus,
341 704 374 758 et
386 699 510 759 Arctois
524 695 593 778 plus
607 696 746 756 licuisset
760 699 869 798 aquis?

172 781 230 844 llle
245 785 337 844 etiam
351 784 466 843 nostris
481 781 632 841 Antonius
649 780 762 840 occidit
777 782 886 860 armis,

132 878 166 928 10
212 868 271 943 Qui
284 868 342 929 tibi
358 865 501 943 collatus,
522 864 659 945 perfide,
681 866 794 926 Caesar
809 871 886 928 erat.
962 903 970 927 -.

572 978 636 1048 XII.

173 1074 275 1155 Nulli,
297 1077 393 1155 Thai,
414 1094 526 1155 negas,
549 1076 644 1136 serl'
620 1096 645 1136 ιι
660 1083 712 1136 te
707 1095 769 1136 non
782 1074 881 1156 pudet
893 1077 993 1157 istud,

213 1161 281 1220 Hoc
296 1157 397 1221 saltim
412 1160 543 1241 pudeat,
566 1160 663 1239 Thai,
683 1179 798 1238 negare
813 1159 902 1261 nihil.

566 1275 642 1337 XIII.

174 1372 314 1450 Claudia,
335 1373 432 1451 linis,
453 1392 522 1433 meo
536 1375 623 1433 nubit
637 1373 807 1452 Peregrina
818 1371 967 1435 Pudenti:

214 1457 317 1516 Macte
335 1462 402 1516 esto
416 1457 532 1535 taedis,
553 1477 571 1516 ο
586 1457 781 1535 Hymenaee,
802 1457 873 1517 tuis.
891 1499 893 1502 -
981 1474 984 1483 ⁴

175 1541 251 1600 Tam
264 1541 345 1600 bene
359 1560 429 1600 rara
444 1560 497 1600 suo
512 1540 680 1618 miscentur
697 1543 834 1601 cinnama
849 1538 964 1619 nerlu,

169 1623 345 1683 Massica
360 1623 492 1684 Theseis
506 1631 568 1683 tam
581 1625 704 1683 bene
675 1644 745 1685 rrna
759 1624 852 1697 favis3

152 1707 238 1770 5Nec
253 1706 362 1767 mellus
377 1709 495 1768 teneris
509 1709 674 1786 iunguntur
688 1709 799 1768 vitibus
810 1706 906 1789 admi,
1019 1724 1025 1767 J

214 1791 279 1852 Nec
293 1788 361 1871 plus
374 1788 456 1852 lotos
473 1811 580 1871 aquas,
597 1790 691 1852 litora
704 1797 832 1869 myrtus
837 1797 970 1853 amat.

174 1875 310 1936 Candida
323 1858 474 1955 perpetuo
490 1875 611 1953 reside,
633 1874 821 1960 Concordia,
843 1873 944 1951 lecto,

216 1960 353 2037 'lamque
366 1960 435 2038 pari
450 1978 571 2038 semper
586 1960 628 2017 sit
641 1948 747 2020 Ve'nus
764 1977 859 2037 aequa
872 1960 953 2036 iugc.

173 2042 288 2119 Diligat
300 2039 355 2100 illa
369 2058 474 2100 senem
490 2040 656 2119 quondam,
678 2040 734 2102 sed
749 2047 782 2100 et
790 2044 880 2122 ipsa
874 2043 984 2102 marite
1007 2096 1009 2100 .

132 2136 165 2186 10
215 2125 293 2184 'lum
308 2143 427 2202 quoque
442 2144 508 2186 cum
521 2125 633 2202 fuerit,
652 2144 714 2185 nen
726 2124 965 2195 r1deaturanns.
1021 2162 1023 2168 ·

563 2257 642 2320 xiv.

173 2353 247 2436 Sili,
270 2353 456 2456 Castalidum
470 2353 563 2414 decus
578 2374 733 2434 sororum,

130 2441 232 2520 Qui
246 2427 383 2522 periuria
395 2439 519 2500 barbari
533 2439 648 2499 furoris

165 2524 293 2604 Ingenti
304 2525 419 2605 premis
434 2542 489 2585 cre
502 2521 714 2604 perfidosque
817 2525 827 2532 ’

172 2607 265 2668 Astus
279 2606 457 2669 Hannibalis
470 2609 614 2687 levesque
629 2608 750 2669 Poenos

153 2689 296 2769 5Magnis
311 2690 423 2750 cedere
443 2692 526 2769 cogis
540 2693 710 2754 Africanisz

141 2773 298 2834 Paulum
313 2764 446 2852 seposita
461 2775 643 2850 severitate,

172 2856 248 2917 Dum
262 2855 373 2917 blanda
389 2874 480 2932 vagus
496 2853 561 2916 alea
574 2857 745 2917 December

171 2941 300 3003 Incertis
315 2945 404 2999 sonat
417 2938 489 2998 hinc
504 2945 536 2998 et
548 2940 620 2999 hinc
637 2939 755 3001 fritillis

70 3054 80 3068 =
172 3025 213 3084 ut
226 3022 304 3086 ludlt
316 3029 407 3103 tropa
418 3024 569 3100 nequiore
584 3020 666 3102 talo,

132 3100 292 3169 10Nostris
306 3109 368 3167 otia
382 3103 538 3165 commoda
552 3107 710 3184 Camenis,

171 3192 236 3252 Nec
249 3197 335 3251 torva
348 3188 419 3266 lege
434 3189 553 3266 fronte,
573 3189 629 3248 sed
642 3190 769 3250 remissa

171 3275 303 3339 Lasciuis
317 3272 477 3335 madidcs'
468 3274 544 3332 locis
555 3270 690 3334 libellos.

173 3359 223 3418 Sic
236 3359 341 3418 forsan
353 3364 444 3419 tener
459 3376 547 3416 ausus
563 3363 610 3416 est
625 3354 764 3418 catullus

172 3442 283 3519 Magno
298 3443 422 3503 mittere
435 3459 592 3526 passerem
606 3441 737 3504 Maroni.
