2264 3786
87 214 127 277 oo
410 212 453 274 ru.
469 211 560 274 vnn.
577 208 800 272 nnuumns
912 168 916 175 ’

170 365 292 425 Mecum
305 366 368 441 eris
384 383 457 442 ergo
472 366 579 423 miser:
603 362 684 441 quod
698 364 724 422 si
738 361 813 421 deus
828 379 881 421 ore
896 380 1007 422 sereno

158 511 168 518 ,
211 450 379 527 Anunerit,
392 447 490 526 fellu,
512 446 665 525 Candide,
687 444 770 539 solus
785 446 856 507 eris.
896 474 899 484 ¹

549 579 643 641 XXV.

170 693 230 752 Dar
247 712 414 772 nunquam,
434 711 556 773 semper
567 691 738 770 promittis,
762 687 866 767 Galla,
888 693 1018 769 roganti.
1087 670 1092 683 ¹

211 776 244 835 Si
259 795 379 858 semper
393 775 491 854 fallis,
511 779 570 835 iam
589 793 680 852 rogo,
703 770 809 850 Galla,
830 792 923 852 nega·
959 818 961 825 ,

326 900 331 909 ·
426 889 433 907 ’
539 905 648 970 xxvu.

169 1021 257 1099 Quod
275 1017 433 1098 querulum
452 1019 563 1096 spirat,
587 1015 667 1095 quod
682 1012 827 1076 ‘acerbum
842 1017 954 1077 Naevia
968 1018 1072 1094 tussit,

76 1104 81 1109 ’
208 1106 303 1183 inque
319 1112 387 1162 tuos
401 1103 495 1160 mittit
509 1104 598 1178 sputa
610 1098 740 1158 subinde
756 1100 856 1177 sinus,

167 1190 228 1247 lam
240 1194 273 1247 te
289 1205 355 1244 rem
368 1186 494 1262 factam,
516 1184 693 1260 Bithynice,
716 1182 816 1242 credis
832 1185 971 1244 hahere?

208 1272 317 1330 Erras:
337 1267 493 1329 blanditur
506 1267 633 1344 Naeuia,
653 1285 714 1327 non
728 1269 866 1329 moritur.

486 1372 498 1393 ⁴
540 1400 660 1462 xxuu.

166 1516 355 1576 Laudantem
370 1515 484 1575 Selium
499 1533 592 1575 cenae
607 1534 673 1574 cum
690 1516 770 1574 retia
785 1512 888 1575 tendit

209 1601 339 1679 Accipe,
362 1600 424 1658 sive
438 1597 540 1676 legas,
560 1600 623 1658 sive
636 1604 782 1677 patronus
800 1617 884 1676 agas:

167 1683 323 1762 „Effectet
344 1683 490 1760 graviter!
512 1681 555 1741 st!
575 1682 735 1760 nequiter!
756 1681 848 1758 euge!
872 1682 980 1749 beate!

208 1767 275 1826 Hoc
289 1765 369 1826 volui
377 1766 406 1826 !“
433 1766 526 1826 Facta
543 1772 591 1825 est
604 1767 664 1825 iam
677 1766 735 1824 tibi
750 1783 840 1843 cena,
859 1769 937 1826 tace.
957 1806 964 1823 ι

526 1899 661 1961 XXVIII.

151 1996 278 2072 ''Rideto
295 2008 422 2070 multum
438 2011 489 2088 qui
505 2015 553 2086 te,
576 2006 721 2085 Sextilis,
745 2006 903 2068 cinaedum
1015 2045 1017 2050 ·

207 2095 327 2154 Dixerit
342 2100 374 2152 et
387 2092 513 2170 digitum
528 2093 678 2172 porrigito
693 2090 835 2154 medium.
943 2107 946 2117 ·

167 2176 230 2236 Sed
244 2195 302 2235 nec
315 2175 443 2255 paedico
459 2193 492 2234 es
509 2193 567 2233 nec
580 2180 630 2251 tu,
651 2173 797 2251 Sextilio,
818 2176 956 2252 fututor,

208 2258 305 2320 Calda
319 2260 499 2321 Vetustinae
514 2276 572 2317 nec
586 2258 643 2317 tibi
658 2259 752 2316 bucca
767 2257 878 2337 placet.

147 2344 218 2410 5Ex,
227 2345 295 2402 istis
309 2341 387 2401 nihil
402 2361 435 2401 es
448 2343 565 2418 fateor,
587 2340 733 2399 Sextille:
757 2340 831 2419 quid
844 2359 917 2418 ergo
935 2344 990 2401 os?

207 2427 335 2504 Nescio,
356 2425 412 2486 sed
425 2432 459 2485 tu
473 2426 532 2485 scis
549 2443 600 2485 res
614 2442 776 2506 superesse
791 2422 874 2485 duas.

540 2573 647 2636 XXIX.

166 2688 263 2766 Rufe,
284 2688 369 2749 vides
384 2688 470 2749 illum
485 2689 631 2750 subsellia
644 2693 741 2772 prima
755 2695 925 2767 terentem,

208 2772 302 2832 Cuius
318 2778 350 2831 et
364 2773 435 2832 hinc
450 2772 535 2833 lucet
548 2773 771 2853 sardonychata
784 2792 888 2832 manus

168 2857 313 2935 Quaeque
330 2855 434 2934 Tyron
451 2859 564 2916 totiens
576 2866 744 2936 epotavere
757 2855 901 2915 lacernae

207 2939 249 2998 nt
262 2945 332 3016 toga
345 2958 406 2998 non
421 2944 515 3000 tactas
530 2943 653 3001 vincere
668 2944 748 3000 iussa
761 2940 864 3015 nives,

60 3025 65 3033 '
146 3022 263 3082 50uius
279 3021 344 3082 olet
358 3028 424 3083 toto
438 3025 559 3104 pinguis
574 3045 659 3084 coma
673 3020 876 3084 Marcelliano
942 3074 945 3078 Α

207 3107 249 3165 nt
261 3105 426 3187 splendent
440 3107 523 3167 volso
538 3110 662 3168 brachia
676 3108 749 3166 trita
763 3105 845 3184 pilo;

129 3191 234 3252 ·.Non
248 3191 393 3250 hesterna
407 3188 495 3250 sedet
509 3191 613 3251 lunata
625 3188 739 3267 lingula
752 3186 872 3269 planta,

209 3275 340 3335 Coccina
354 3294 416 3334 nou
429 3274 543 3334 laesum
557 3274 656 3351 pingit
670 3272 750 3332 aluta
764 3271 889 3353 pedem,

148 3353 198 3411 Et
206 3374 374 3417 numerosa
388 3355 494 3419 linunt
508 3355 688 3419 stellantem
701 3355 821 3440 splenis
831 3357 975 3417 frontem.

86 3437 127 3482 10
174 3434 311 3507 lgrnorus
326 3440 406 3519 quid
422 3443 491 3505 sit?
510 3442 634 3528 splenia
648 3440 748 3523 tolle,
763 3441 868 3524 leges.
