2264 3786
290 170 624 268 auculuuurca
639 206 714 269 ura.
728 207 805 270 vui.
999 207 1059 271 181

494 370 593 470 ³xxv.
628 380 633 388 '

115 518 231 586 Vidisti
244 518 356 597 semel,
379 519 534 601 Oppiam,
554 526 673 580 tuntum

116 606 252 684 Aegrum
267 622 316 662 me
330 602 424 664 male:
444 622 537 684 saepe
552 611 584 665 te
598 603 720 665 videhc.
795 634 799 638 ·

499 736 607 800 XXVI.

115 851 185 912 Nou
196 855 244 911 tot
254 851 289 910 'iu
303 850 377 910 Eois
392 851 494 910 timuit
508 852 693 930 Gangetleue
708 854 788 913 arvis

159 935 291 1013 Raptor,
303 934 346 992 ‘iu
360 935 504 1013 Hyrcano
519 936 571 1013 qui
584 936 664 1013 fugit
677 935 763 997 ulhus
777 952 872 1016 equo,

115 1019 198 1095 Quot
211 1023 264 1076 tua
276 1018 370 1077 Romu
384 1028 476 1076 uovae
489 1019 583 1096 vidit,
605 1020 802 1099 Germanice,
822 1022 934 1100 tigres:

156 1099 288 1160 Delicias
301 1103 401 1181 potuit
415 1119 473 1160 uec
487 1120 647 1162 numerere
661 1123 738 1164 suas.

93 1185 220 1249 5Vincit
231 1184 420 1264 Erythraeos
433 1190 499 1262 tua,
519 1187 646 1266 Caesar,
669 1188 784 1246 harena
796 1188 967 1268 triumphus

134 1268 140 1278 ‘
157 1268 198 1328 Et
213 1268 339 1328 victoris
352 1286 427 1348 opes
443 1267 624 1348 divitiasque
641 1269 702 1334 del.

116 1351 192 1412 Nam
208 1370 274 1412 cum
288 1353 423 1437 captivos
438 1358 545 1430 ageret
559 1354 614 1412 suh
630 1355 770 1414 curribus
783 1352 891 1431 ludos,

157 1435 327 1497 Contentus
341 1437 460 1516 gemine
474 1435 590 1514 tigride
602 1437 739 1498 Bacchus
752 1443 828 1499 erat.

486 1570 607 1633 XXVII.

116 1678 247 1739 Munera
262 1679 313 1759 qul
325 1681 385 1740 tibi
399 1677 628 1760 dat'locapleu,
650 1683 769 1759 Gaure,
791 1683 936 1761 senique,

158 1762 191 1822 Si
206 1764 286 1844 sapis
300 1770 333 1823 et
347 1765 461 1844 sentis,
481 1765 541 1824 hoc
555 1767 613 1826 tibi
627 1767 671 1826 eit
681 1766 863 1845 ‚,Merere.“

479 1911 614 1976 xxvuu
651 1886 655 1891 ’

115 2024 188 2102 llic,
208 2029 295 2103 tege,
315 2021 439 2085 fecundi
454 2032 573 2104 gratum
586 2024 661 2083 mihi
674 2042 782 2083 munus
798 2025 904 2103 amici,

155 2108 233 2168 Esse
245 2107 321 2168 velis
336 2109 420 2168 cuius
434 2108 513 2168 fame
527 2107 682 2187 decusque
698 2109 823 2186 gregia?

114 2190 236 2271 Appula
245 2189 361 2251 Ledaei
376 2193 434 2252 tihi
447 2193 553 2253 floruit
568 2193 665 2252 herba
678 2191 859 2269 Phalanthi,

157 2274 223 2351 Qua
237 2281 353 2336 saturat
366 2274 504 2338 calabris
521 2274 602 2338 culta
618 2273 766 2338 Galaesus
782 2275 890 2356 equis?

92 2357 166 2418 5An
180 2358 390 2421 Tartessiacas
408 2359 519 2419 stabuli
531 2359 667 2419 nutritor
680 2359 792 2418 Hiberi

156 2441 259 2501 Baetis
273 2442 306 2501 iu
319 2442 471 2522 Hesperia
483 2449 517 2503 tc
533 2456 655 2521 quoque
667 2440 744 2503 lavit
759 2441 837 2501 orel

113 2523 163 2583 Au
175 2530 227 2585 tue
241 2524 421 2585 multifidum
436 2526 607 2609 uuuuerarit
618 2523 688 2584 lana
703 2523 876 2602 Timavum,

158 2607 255 2685 Quem
268 2609 337 2689 pius
351 2608 495 2668 astrifero
509 2606 653 2687 Cyllarus
668 2625 722 2669 cre
737 2609 838 2669 hihlt‘i

116 2689 163 2751 Te
177 2709 235 2751 uec
248 2691 413 2770 Amyclaeo
429 2693 532 2753 decuit
544 2692 641 2752 livere
655 2709 790 2770 veneno,

73 2784 107 2834 10
154 2774 219 2835 Nec
233 2775 359 2836 Miletos
372 2781 439 2837 erat
452 2773 571 2836 vellere
587 2774 677 2854 digua
691 2782 754 2836 tuo.

114 2856 195 2917 Lilia
207 2866 242 2918 tu
256 2860 352 2919 vincis
365 2878 424 2920 uec
437 2858 535 2920 adhuc
551 2856 676 2940 delapsa
690 2859 835 2938 ligustra,

115 2963 120 2982 ·
155 2942 197 3001 ut
210 2941 373 3003 Tiburtino
388 2950 492 3004 moute
507 2943 783 3023 quudalhetehur.
868 2992 871 2997 .
997 2986 1001 2993 -

60 3031 65 3039 “
115 3023 281 3105 Spartanus
294 3028 352 3086 tihi
366 3027 459 3088 cedet
472 3027 539 3088 olor
552 3028 747 3108 Paphiaeque
760 3023 934 3101 columbae,

156 3107 259 3168 (ledet
271 3111 452 3189 Erythraeis
466 3118 555 3171 eruta
568 3128 686 3189 gemma
698 3109 792 3172 vadis.

74 3199 107 3252 15
115 3190 177 3251 Sed
190 3191 267 3253 licet
279 3195 355 3253 haec
368 3196 475 3274 primis
490 3196 609 3254 uiribus
624 3195 686 3253 siut
699 3189 817 3251 aemula
830 3189 925 3266 dous,

155 3275 224 3335 Nou
238 3284 309 3336 suut
320 3278 487 3338 Parthenio
504 3276 680 3337 candidiora
693 3294 758 3336 suc.

113 3357 180 3418 Nou
195 3378 251 3436 ego
262 3355 467 3440 praetulerim
479 3359 661 3443 Babylcuca
670 3360 762 3440 uicta
771 3355 933 3434 auueahae

147 3441 257 3522 Terta,
281 3445 469 3511 semiramia
486 3468 570 3531 quae
584 3447 753 3512 vatiaum
767 3459 849 3513 acm
