2264 3786
3 176 6 189 ι
89 231 150 298 154
376 230 449 295 ‘aa
467 229 559 309 vau.
574 221 795 292 annuamus

171 386 208 446 Di
224 385 378 462 lacerent,
400 388 434 443 ut
450 387 484 442 tu
497 381 672 461 loquereris
689 389 722 443 et
735 381 793 443 ille
806 387 943 443 taceret:

214 467 363 528 Offendor
377 468 471 526 cunni.
482 467 661 546 garrulitate
675 468 743 531 tui..

171 551 291 613 Pedere
306 561 339 611 te
353 549 480 611 vellem:
501 569 630 630 namque
643 551 703 611 hoc
717 568 774 610 nec
787 548 899 611 inutile
913 548 990 610 dicit

132 648 166 700 lo
215 636 409 715 Symmachus
423 640 456 694 et
470 637 565 694 risum
578 653 630 696 res
648 640 750 694 movet
762 637 823 694 ista
836 633 943 697 semel.

172 721 246 798 Quis
260 718 364 779 ridere
378 723 482 798 potest
495 719 572 779 latui
584 725 783 799 poppysmata
797 719 909 777 cunni?
943 744 953 798 ,'

213 805 289 864 Cum
303 803 471 880 sonat'hic‚
491 804 540 862 cui
556 813 617 862 non
631 801 765 862 mentula
778 819 925 879 mensque
943 798 1046 860 eadit?

171 889 227 949 Dic
243 885 358 966 aliquid
372 883 479 945 saltem
488 883 687 963 ¹clamosoque
701 886 845 964 obstrepe
860 902 977 961 cunno,

213 972 255 1030 nt
267 972 294 1031 si
307 968 384 1030 adeo
398 975 481 1029 muta
493 987 544 1048 es,
567 967 651 1028 disce
665 968 715 1029 rel
727 967 801 1028 inde
813 967 910 1048 loqui.

563 1102 643 1163 XIX.

171 1217 386 1293 Fragmentum
401 1212 482 1292 quod
496 1211 558 1276 vile
571 1218 660 1294 putas
675 1221 708 1273 et
720 1210 830 1272 inutile
843 1208 960 1290 lignum
968 1255 978 1290 ,

213 1300 297 1358 Haec
310 1299 370 1357 fuit
382 1299 480 1377 ignotl
493 1300 592 1379 prima
606 1299 709 1358 carina
720 1296 829 1374 maris,

174 1384 269 1461 Quam
283 1399 340 1442 nec
354 1382 495 1461 Cyaneae
511 1380 660 1460 quondam
675 1386 806 1458 potuere
819 1379 927 1439 ruinae

94 1480 111 1513 ⁴
207 1467 369 1544 ,Frangere
382 1485 441 1525 nec
456 1466 592 1544 Scythici
608 1465 728 1523 tristior
741 1465 789 1522 ira
801 1462 886 1521 freti.

151 1547 303 1611 assecula
315 1550 472 1609 vicerunt:
493 1547 549 1608 sed
564 1549 696 1625 quamvis
712 1547 842 1606 cesserit
856 1545 958 1622 aunis,

218 1633 361 1693 Sanctior
376 1639 426 1692 est
439 1631 520 1692 salva
533 1651 626 1712 parra
639 1629 755 1690 tabella
767 1635 844 1691 rate.
898 1644 904 1657 ¹

566 1764 632 1828 XX.

171 1873 258 1938 Nihil
271 1883 319 1938 est
333 1877 474 1937 miserius
488 1895 590 1955 neque
604 1874 738 1956 gulosius
753 1873 872 1937 Santra.

171 1962 297 2021 Rectam
310 1966 432 2019 vocatus
449 1980 515 2021 eum
532 1960 667 2019 cucurrit
681 1958 720 2018 ad
735 1976 856 2036 cenam,

172 2045 268 2120 Quam
280 2049 327 2103 tot
341 2042 448 2103 diebus
462 2045 663 2122 noctibusque
678 2043 824 2122 captavit,
909 2080 915 2089 ·

174 2128 239 2186 Ter
252 2126 352 2206 poscit
365 2127 430 2206 apri
445 2124 621 2205 glandulas,
644 2134 752 2205 quater
765 2125 917 2203 lumbum,

151 2210 215 2271 ant
227 2217 386 2288 utramque
401 2228 504 2270 coxam
516 2209 633 2290 leporis
647 2217 681 2270 et
695 2210 771 2271 duos
786 2228 902 2287 armos,

173 2294 237 2353 Nec
251 2293 406 2353 erubescit
418 2295 561 2373 peierare
578 2292 616 2354 (le
630 2293 745 2355 turdo*
837 2324 840 2329 ·

171 2378 214 2437 Et
226 2383 398 2438 ostreorum
411 2396 522 2459 rapere
536 2377 647 2438 lividos
663 2380 769 2439 cirros.

171 2459 276 2521 Dulcis
288 2459 429 2542 placenta
445 2461 600 2523 sordidam
614 2462 685 2524 linit
699 2479 846 2541 mappam.

170 2543 237 2604 lllic
251 2551 284 2604 et
297 2562 372 2605 urae
386 2545 575 2607 collocantur
588 2545 717 2623 ollares,

131 2629 210 2689 rom
222 2628 405 2715 Punicorum
418 2650 513 2710 pauca
526 2629 796 2708 granamalorum,
917 2666 920 2671 -

171 2713 213 2772 nt
226 2717 385 2772 excavatae
400 2713 490 2793 pellis
505 2713 654 2774 indecens
666 2713 790 2789 volvae,
850 2758 853 2762 .

174 2796 222 2856 Et
229 2793 313 2875 lippa
324 2796 400 2856 licus
416 2796 588 2876 debilisque
602 2795 733 2858 boletus.

173 2877 236 2949 Sed
250 2898 357 2958 mappa
371 2900 438 2939 cum
452 2882 511 2939 iam
525 2881 610 2940 mille
624 2882 775 2961 rumpitur
787 2878 896 2955 furtis,

72 3019 75 3026 .
171 2963 268 3022 Rosos
282 2965 402 3042 tepenti
416 2963 582 3044 spondylos
599 2966 666 3024 sinu
682 2961 786 3024 condit

130 3047 211 3107 loilt
226 3044 370 3107 devorato
383 3049 482 3128 capite
497 3050 648 3109 turturem
663 3052 812 3108 truncum.

172 3128 329 3208 Colligere
343 3129 435 3210 longa
449 3138 540 3211 turpe
554 3150 613 3191 nec
625 3136 713 3211 putat
728 3129 835 3190 dextra

68 3274 71 3279 .
170 3213 317 3275 Analecta
332 3214 480 3293 quidquid
494 3222 527 3274 et
539 3233 630 3274 canes
643 3213 846 3293 reliquerunt.

167 3298 236 3358 Nec
250 3296 408 3359 esculenta
426 3298 540 3358 sufficit
555 3295 792 3377 gulae-praeda,

153 3382 259 3443 Mixto
271 3382 418 3464 lagonam
432 3380 541 3465 replet
553 3381 597 3442 al
605 3381 705 3463 pelea
719 3383 803 3442 aino.

93 3464 237 3528 20Haeo
245 3487 316 3551 per
329 3468 492 3534 ducentas
500 3487 578 3530 cum
591 3466 721 3529 tomum
731 3461 809 3545 tulit
820 3455 920 3517 soalon
