2264 3786
372 494 417 567 Μ.
445 493 548 567 VAL.
576 480 828 570 MARTIALIS
918 434 921 438 ι

269 654 968 813 ¹srrorrrrrurrou'

483 841 729 909 Lissnuxli

339 1069 341 1073 ·
360 1025 428 1093 Vol.
443 982 600 1092 Martialis
613 1033 718 1094 Iba'aco
733 1051 790 1094 auo
804 1031 838 1094 S.
906 978 909 995 Ι

136 1176 144 1197 ‘
209 1140 285 1238 Scio
298 1194 347 1237 me
357 1177 559 1257 patrocinium
569 1174 685 1236 debere
699 1177 984 1240 contumacissimae
1001 1180 1111 1240 trienni

127 1260 279 1336 desidiae3
315 1279 373 1339 qno
401 1258 584 1320 absolvenda
608 1266 775 1321 nonesset
792 1262 877 1321 'auter
899 1260 974 1342 illas
994 1281 1110 1342 quoquc

126 1346 246 1406 urbicas
274 1345 503 1425 occupationes,
539 1344 648 1423 quibus
672 1343 792 1404 facilius
820 1347 1057 1425 consequimur,
1081 1352 1110 1405 ut

125 1428 247 1489 molesti
260 1431 378 1508 potius,
406 1447 495 1506 quam
512 1433 546 1487 ut
565 1427 695 1487 officiosi
716 1446 786 1488 esse
799 1427 975 1504 videamur;
1003 1428 1110 1489 nedum

103 1515 160 1576 bin
173 1513 235 1575 hac,
245 1509 426 1591 provinciali
439 1509 615 1589 solitudine,
627 1513 679 1571 ubi
689 1513 749 1571 nisi
762 1511 855 1572 etiam
867 1513 1110 1597 intemperanter

125 1595 296 1675 studemus,
319 1602 352 1656 ct
370 1596 436 1655 sine
458 1594 568 1655 solatio
585 1601 617 1655 et
630 1595 905 1681 sinewexcusstione
920 1599 1109 1663 secessimus.

124 1681 239 1760 Accipe
259 1698 333 1757 ergo
351 1680 519 1754 rationem3
543 1680 576 1738 in
599 1699 658 1758 qua
677 1680 735 1739 hoo
754 1680 915 1739 maximnm
934 1684 968 1740 et
982 1681 1109 1760 primum

124 1770 188 1842 est,
224 1763 307 1843 quod
328 1763 457 1823 civitatis
478 1781 582 1840 aures,
619 1764 726 1842 quibus
750 1781 957 1841 assueveram,
988 1781 1110 1842 quaero,

126 1854 158 1907 et
171 1846 278 1907 videor
297 1847 372 1907 mihi
391 1848 424 1906 in
444 1847 543 1907 alieno
562 1847 631 1906 ioro
645 1844 779 1924 litigare.
816 1847 848 1907 Si
864 1845 939 1926 quid
954 1853 1006 1907 est
1021 1848 1109 1920 enim,

11 2000 17 2005 ,
83 1930 207 2010 loquod
230 1933 264 1990 in
289 1928 407 1990 libellis
431 1932 507 1990 meis
532 1927 668 2010 placeat,
698 1929 823 1990 dictavit
847 1929 977 1995 auditur.
1025 1928 1111 1992 Illam

123 2014 304 2074 iudiciorum
319 2011 535 2092 subtilitatem,
562 2012 640 2073 illud
661 2015 855 2074 materiarum
868 2014 1046 2092 ingenium,
1066 2015 1111 2074 bi-

123 2095 310 2175 bliothecas,
331 2097 467 2174 theatra,
490 2098 662 2174 convictus,
683 2099 716 2157 in
736 2099 844 2175 quibus
858 2096 987 2158 studere
1005 2104 1111 2159 se'vo·

122 2178 255 2261 luptates
284 2199 346 2240 non
370 2181 522 2258 sentiunt,
553 2178 592 2239 ad
616 2198 759 2242 summam
778 2183 911 2241 omniurn
928 2179 1003 2260 illa,
1035 2197 1111 2260 quae

123 2263 247 2326 delicati
264 2262 460 2344 reliquimus,
483 2263 689 2324 desideramus
705 2265 789 2344 qnasi
803 2264 957 2326 destituti,
981 2263 1112 2325 Accedit

82 2349 170 2411 loliis
184 2349 409 2428 municipalium
422 2351 530 2427 rubigo
550 2347 687 2409 dentium
706 2357 739 2409 ct
753 2348 848 2409 iudici
866 2347 937 2409 loco
952 2344 1054 2426 livor,
1081 2354 1111 2406 et

122 2452 199 2492 unus
216 2439 267 2492 aut
281 2431 361 2493 alter
374 2433 462 2512 mali,
482 2435 516 2493 in
529 2431 643 2529 ppsillo
657 2431 727 2493 loco
742 2433 846 2507 multi;
865 2431 1014 2493 adversus
1031 2430 1111 2511 quod

122 2514 251 2576 difficile
266 2519 437 2594 esthabere
453 2514 566 2577 cotidie
580 2519 692 2577 bonnm
703 2517 899 2578 stomachum.
925 2515 975 2576 Ne
988 2517 1110 2575 mireris

120 2600 215 2676 igitur
230 2601 349 2660 abiecta
357 2601 394 2660 ab
403 2600 580 2681 indignante
592 2604 669 2680 qtae
681 2620 698 2660 a
710 2602 863 2678 gestiente
870 2599 942 2660 fieri
955 2597 1108 2660 solebant.

120 2681 168 2742 Ne
196 2681 269 2762 quid
293 2689 395 2744 tamen
418 2690 451 2744 et
477 2683 652 2745 advenienti
673 2684 731 2744 tibi
751 2685 787 2744 ab
816 2684 893 2744 urbe
915 2687 949 2743 et
974 2682 1110 2762 exigenti

79 2775 281 2844 ionegarem,
295 2800 338 2812 —
352 2768 400 2827 cui
411 2786 473 2827 non
486 2768 590 2828 refero
606 2769 748 2846 gratiam,
763 2769 789 2827 si
803 2773 922 2827 tantum
936 2784 975 2826 es
984 2773 1107 2848 praesto

123 2868 340 2930 qnaepossum,
348 2884 384 2893 —
392 2851 539 2929 imperavi
551 2852 636 2929 mihi,
650 2851 732 2929 quod
742 2848 905 2929 indulgere
912 2868 1107 2920 consueram

121 2940 154 2993 et
168 2932 271 2994 studui
281 2934 469 3014 paucissimis
484 2933 607 3013 diebus,
623 2941 657 2994 nt
668 2933 918 2996 familiarissimas
931 2935 1012 2995 mihi
1023 2951 1106 2995 aurea

121 3023 189 3078 tuas
204 3018 377 3097 exciperem
393 3017 570 3078 adventoria
584 3038 646 3078 sua.
681 3019 730 3079 Tu
743 3017 835 3083 velim
847 3019 924 3096 ista,
947 3037 1029 3096 quac
1043 3025 1105 3079 tan·

120 3107 184 3160 tum
207 3100 287 3182 apud
306 3108 339 3162 te
358 3121 419 3162 non
441 3101 671 3183 periclitantur,
705 3101 871 3180 diligenter
889 3102 1057 3165 aestimare
1076 3104 1105 3159 et

77 3191 264 3245 aaexcutore
276 3205 338 3246 non
352 3188 503 3265 graveris3
525 3193 573 3264 et,
588 3184 670 3264 quod
683 3187 741 3246 tibi
756 3183 981 3247 difficillimum·
991 3192 1056 3263 est,
1070 3183 1104 3243 de

109 3270 204 3346 nugis
221 3270 342 3333 nostris
361 3269 482 3333 iudices
500 3271 604 3331 nitore
622 3271 776 3348 seposito,
798 3287 840 3328 nc
853 3269 1001 3349 Romam,
1022 3268 1103 3331 siita

97 3349 303 3441 decreveris,
334 3378 400 3422 non
415 3357 665 3445 Hispaniensem
672 3354 851 3426 mittamus,
871 3350 1110 3428 redimamus,

6 2420 15 2459 Ι
