2250 3794
355 693 484 791 llllll
508 684 866 797 llltllltlllllll.

593 889 629 970 l.

94 1009 118 1059 A
132 1009 191 1058 Iove
207 1005 252 1067 qui
266 1006 506 1064 veniet,'miscends
520 1006 554 1059 ad
567 1004 659 1070 poeula
674 1004 759 1071 largas
775 1039 951 1056 ......
984 1005 1044 1065 XIV,

93 1078 114 1126 A
134 1074 269 1127 latronibus
287 1087 344 1123 esse
355 1081 382 1122 te
394 1072 501 1123 fututam
514 1108 950 1124 ..............
1012 1074 1049 1125 XI]

93 1146 118 1195 A
131 1157 203 1194 servo
222 1141 272 1191 scis
290 1149 315 1190 te
330 1144 443 1206 genitum
458 1142 600 1206 blandeque
616 1143 702 1193 lateris
736 1176 952 1193 .......

92 1215 118 1263 A
132 1211 291 1262 Sinuessanis
309 1211 413 1260 conviva
431 1211 595 1262 Philostratus
610 1213 686 1262 undis
708 1247 715 1261 .
738 1246 746 1262 .
769 1247 776 1261 .
805 1247 812 1260 .
840 1247 846 1260 .
874 1246 881 1258 .
909 1246 916 1261 .
944 1247 951 1261 .

92 1281 201 1332 Abscisa
219 1293 319 1329 servum
332 1280 393 1341 quid
410 1279 483 1346 figis,
497 1280 614 1340 Pontice,
630 1280 735 1346 linguai
745 1313 951 1330 .......
1031 1280 1049 1329 ll

93 1349 238 1400 Abstulerat
255 1355 333 1398 totam
347 1351 495 1399 temerarius
511 1351 611 1400 institor
624 1351 711 1401 urbem
744 1381 918 1399 ......
938 1363 953 1398 ·.
1007 1348 1048 1399 Vll

61 1460 63 1465 .
92 1419 192 1468 Accidit
209 1415 341 1467 infandum
358 1425 459 1467 nostrae
476 1417 571 1480 scelus,
587 1417 665 1478 Aule,
680 1417 779 1483 puellae
808 1450 952 1467 .....
1009 1417 1049 1467 vll

93 1488 189 1552 Accipe
201 1485 336 1551 belligerae
352 1486 456 1535 crudum
468 1485 571 1536 thoraca
588 1487 715 1538 Minervae
737 1519 953 1536 .......
1023 1485 1049 1535 Vl

92 1557 189 1621 Accipe
205 1552 309 1605 facundi
325 1553 450 1615 Culicem,
468 1555 595 1616 mudlose,
606 1555 723 1604 Maronis
745 1587 953 1605 .......
979 1553 1044 1613 XIV,

92 1624 189 1688 Accipe
206 1621 310 1682 felices,
325 1623 453 1673 Atlantica
467 1638 588 1690 munere,
604 1625 681 1674 silves
706 1657 954 1674 ........
995 1623 1049 1674 XlV

92 1693 188 1757 Accipe
205 1691 291 1741 lunata
308 1693 430 1757 seriptum
447 1693 574 1744 testudine
584 1692 673 1760 sigma
705 1729 711 1745 .
737 1729 743 1743 .
771 1728 777 1740 .
805 1726 812 1740 .
840 1727 848 1741 .
876 1726 883 1740 .
912 1694 919 1739 ζ
946 1727 954 1744 .
997 1690 1049 1742 XIV

91 1761 186 1825 Accipe
202 1760 339 1826 Niliacam,
355 1759 456 1810 Pelusia
470 1775 587 1821 munera,
605 1759 721 1810 lentem
714 1794 954 1811 ........
1014 1759 1049 1810 Xl

91 1830 187 1893 Accipe
204 1843 255 1878 non
271 1820 317 1879 vili
333 1828 426 1878 calices
445 1830 476 1879 de
492 1829 595 1895 pulvere
610 1837 684 1881 natos
708 1862 954 1880 ........
976 1828 1042 1888 ΧΝ,

91 1898 188 1961 Accipe
204 1911 268 1959 quae
284 1898 375 1947 nimios
390 1899 490 1947 vineant
504 1897 658 1948 umbracula
669 1898 736 1949 soles
776 1931 954 1947 ......
998 1896 1049 1947 ΧΝ

92 1965 188 2015 Accola
203 1967 253 2014 iam
268 1973 368 2015 nostrae
386 1965 478 2030 begis,
494 1965 655 2027 Germanice,
671 1967 742 2032 ripae
774 1999 953 2016 ......
1046 1967 1049 1974 “

91 2035 134 2084 Ad
148 2048 235 2082 cenam
253 2035 359 2083 invitent
374 2048 461 2083 omnes
478 2043 518 2096 ts,
533 2035 650 2095 Phoebe,
668 2035 785 2086 cinaedi.
876 2069 884 2083 .
1017 2032 1049 2084 tx

92 2104 134 2152 Ad
151 2116 238 2152 cenem
251 2103 274 2151 ei
292 2116 333 2151 me
348 2102 447 2152 diversa
462 2110 563 2152 vocaret
578 2105 606 2152 in
621 2111 688 2153 astra
708 2137 848 2153 .....
868 2118 883 2152 ·.
911 2136 918 2150 .
947 2140 954 2153 .
1018 2102 1049 2152 ῙΧ

90 2173 133 2222 Ad
148 2171 257 2235 lapidem
273 2171 414 2233 Torquatus
427 2169 502 2220 habet
519 2173 646 2236 praetoria
660 2178 775 2233 quartum
810 2205 816 2218 .
845 2205 852 2220 .
876 2207 883 2220 .
912 2206 918 2219 .
947 2209 954 2221 .
1028 2170 1049 2220 X

92 2241 134 2289 Ad
148 2239 279 2290 natalicias
296 2240 375 2304 depes
393 2239 514 2289 vocabar
514 2273 750 2290 ........
812 2239 821 2287 .’
845 2273 852 2287 .
877 2275 883 2289 .
912 2273 918 2287 .
947 2277 954 2290 .
1006 2239 1049 2290 Vll

91 2309 133 2358 Ad
150 2308 274 2359 Palatinas
288 2311 431 2392 acipensem
447 2308 536 2358 mittite
551 2322 651 2359 mensas
679 2342 954 2360 .........
998 2306 1049 2357 Xlll

91 2377 134 2426 Ad
148 2377 257 2442 populos
276 2379 341 2426 mitti
357 2379 399 2440 qui
416 2391 497 2441 nuper
514 2376 544 2426 ab
563 2379 625 2428 urbe
640 2376 786 2427 solebas.
876 2411 883 2425 .
912 2411 919 2424 .
947 2413 954 2428 .
1022 2377 1049 2426 X]

89 2446 132 2495 Ad
144 2447 253 2509 primum
270 2446 367 2495 decima
385 2445 495 2510 lapidem
511 2447 579 2510 quod
595 2446 710 2496 venimus
723 2445 787 2496 bora
809 2479 954 2497 .....
1020 2445 1049 2494 Χ]

10 2505 14 2521 ’
90 2513 131 2562 Ad
145 2523 169 2562 te
184 2515 304 2579 replenti,
323 2529 386 2578 puer
400 2515 535 2574 insidiose,
552 2515 659 2565 lacertae
676 2546 954 2564 .........
975 2512 1042 2573 XIV,

89 2581 174 2630 Addet
192 2599 248 2632 eum
263 2583 326 2631 mihi
339 2583 479 2635 Caecubum
496 2584 609 2635 minister
645 2616 953 2633 ..........
1026 2581 1049 2630 Χ

91 2650 193 2699 Addere
210 2651 271 2713 quid
289 2666 387 2712 cesses,
402 2667 481 2717 puer,
498 2651 638 2702 immortale
652 2651 801 2701 Falermrm?
811 2683 952 2700 .....
1019 2649 1049 2698 ill

90 2718 210 2777 Addixti,
222 2720 349 2785 Labiene,
365 2728 417 2770 tres
432 2720 530 2786 agellos
552 2753 952 2771 .............
1008 2718 1049 2769 xl

89 2787 195 2837 Addixti
212 2788 436 2848 servumnumrnis
452 2788 512 2838 bere
529 2789 598 2838 mille
616 2789 728 2839 ducentis
743 2819 952 2839 .......
1030 2785 1049 2835 X

89 2856 174 2906 Aedes
193 2857 252 2906 emit
267 2856 350 2919 Aper,
368 2856 414 2905 sed
430 2870 492 2917 quas
510 2871 556 2906 nec
572 2863 664 2906 noctua
680 2856 755 2906 vellet
772 2889 952 2906 ......
1017 2854 1049 2904 ΧΙ

88 2927 213 2990 Aegrotas
227 2939 276 2974 uno
293 2925 394 2974 deciens
411 2931 456 2972 aut
471 2927 572 2988 saepius
588 2938 652 2974 anne
670 2958 952 2975 .........
1007 2923 1049 2974 ΧΠ

88 2992 211 3043 Aemiliae
226 3002 313 3058 gentes
327 2999 351 3043 et
366 2991 511 3058 Apollineas
524 2993 649 3043 Vercellas
678 3027 952 3044 .........
1028 2989 1049 3039 Χ

88 3062 196 3112 Aemula
211 3061 313 3112 Baianis
330 3061 409 3111 Altini
424 3061 499 3112 litora
511 3060 579 3111 villis
607 3095 951 3111 ...........
1017 3059 1049 3108 IV

88 3129 210 3179 Aeolidos
227 3129 322 3180 Canace
336 3132 400 3181 iacet
412 3130 461 3181 boo
477 3130 598 3180 tumulata
613 3128 730 3195 sepulcro
743 3164 951 3179 .......
1017 3127 1049 3177 Xl

88 3197 155 3246 Aere
173 3197 322 3249 Celaenaeos
338 3199 450 3266 lugentis
465 3201 553 3249 matris
570 3212 667 3250 emeres
703 3234 710 3248 .
738 3233 745 3249 .
772 3234 783 3257 .,
806 3232 950 3248 .....
978 3196 1042 3249 XlV

87 3265 154 3314 Aera
169 3268 237 3316 domr
251 3282 301 3317 non
317 3276 389 3327 sumt,
406 3275 520 3333 superest
534 3267 597 3326 hoo
615 3266 726 3332 Regule,
744 3266 845 3317 solum.
872 3301 879 3316 .
908 3301 915 3315 .
942 3301 949 3315 .
1004 3263 1048 3314 Vll

89 3335 156 3382 Adra
171 3349 216 3398 per
232 3337 335 3385 tacitum
354 3335 458 3401 delapsa
473 3335 605 3386 sedentis
599 3350 624 3384 m
639 3337 710 3400 ipsos
736 3370 949 3385 .......
998 3331 1049 3384 vll]

76 3403 187 3453 Aestivo
201 3417 291 3454 serres
306 3404 349 3455 ubi
364 3405 462 3472 piscem
479 3412 591 3470 tempore
607 3405 776 3467 quaerist..
871 3437 879 3454 .
907 3438 914 3452 .
941 3439 949 3453 .
1029 3399 1049 3450 Il
