2264 3786
20 214 24 221 ·
92 198 152 262 roo
193 155 199 161 ’
405 196 451 257 Μ.
468 193 559 258 van.
574 159 795 255 mannaan

54 376 58 383 ¹
88 340 95 347 ⁵
175 350 251 409 Tam
265 367 327 407 non
340 345 442 405 invida
454 352 576 424 tamque
589 345 743 423 liberalis,

176 433 252 492 Tam
267 432 344 490 comi
357 436 442 509 patet
455 427 674 508 hospitalitate.

175 513 291 576 Credas
306 512 426 573 Alcinoi
459 514 505 571 ios
520 512 666 588 Penates,
708 557 715 564 .

134 600 236 662 aoAut
248 598 325 667 facti
335 595 423 657 modo
438 532 541 655 divitis
555 593 719 655 Molorchi.
767 609 768 613 ’

174 685 237 741 Vos
249 701 329 753 nunc
345 681 445 763 omnia
457 699 548 759 parva
564 681 616 758 qui
628 678 758 758 putatis,

98 779 102 785 “
176 767 314 827 Centeno
328 762 461 842 gelidum
474 761 577 840 ligone
593 761 691 821 Tibur

174 847 236 910 Vel
249 849 416 908 Praeneste
431 845 550 905 domate
563 842 786 924 pendulamque
915 852 918 858 '
1029 846 1033 855 ‘

176 934 238 992 Uni
252 930 356 990 dedite
371 929 485 989 Setiam
499 926 621 987 colono:

135 1024 168 1078 35
174 1016 252 1075 Dum
265 1030 314 1073 me
328 1012 428 1073 indice
442 1010 656 1093 praeferantur
672 1012 739 1072 istis

175 1098 232 1159 lali
245 1100 353 1176 iugera·
362 1113 457 1177 pauca
469 1094 631 1155 Martialis.
712 1112 716 1117 ·

558 1226 649 1290 LXV.

75 1357 79 1363 ·
177 1341 271 1401 Oculo
285 1337 441 1400 Philaenis
455 1359 575 1419 semper
584 1314 691 1399 ‘altero
702 1335 813 1418 plorat.

92 1450 97 1467 =
178 1426 243 1502 Quo
257 1426 310 1484 fiat
322 1423 405 1484 istud
421 1424 566 1503 quaeritis
579 1420 693 1482 modo?
712 1420 797 1482 lusca
810 1419 872 1483 est.

550 1552 657 1618 LXVI.

132 1671 140 1690 ¹
176 1673 275 1750 Egisti
289 1671 379 1730 vitam
395 1668 532 1748 semper,
553 1669 648 1746 Line,
669 1664 899 1748 municipalem,

220 1748 285 1832 Qua
298 1752 378 1813 nihil
393 1755 513 1813 omnino
527 1752 617 1813 vilius
631 1771 699 1813 esse
713 1756 827 1841 potest.
862 1748 865 1752 ’

177 1837 278 1899 ldibus
294 1844 326 1897 et
339 1837 416 1897 raris
430 1834 533 1914 togula
549 1843 597 1897 est
610 1855 734 1897 excussa
748 1830 894 1894 Kalendis

218 1922 310 1980 Duxit
324 1927 357 1980 et
370 1926 501 1980 aestates
516 1921 668 1999 synthesis
682 1937 742 1977 una
757 1917 872 1978 decem.

157 2004 279 2066 asaltua
294 2022 415 2082 aprum,
438 2022 557 2082 campus
572 2002 710 2082 leporem
725 2001 782 2059 tibi
796 2001 878 2063 misit
891 1999 1071 2081 inemptum,

219 2086 301 2146 Silva
315 2104 420 2163 graves
436 2085 544 2145 turdos
559 2086 708 2163 exagitata
722 2082 816 2144 dedit.

72 2225 76 2242 ,
179 2170 292 2249 Captus
305 2169 448 2227 flumineo
461 2169 546 2228 venit
560 2166 598 2228 de
612 2166 731 2247 gurgite
742 2169 852 2247 piscis,
914 2178 918 2189 ’

219 2253 298 2315 Vina
312 2253 406 2311 ruber
419 2251 501 2311 fudit
513 2271 575 2315 nou
588 2253 752 2332 peregrina
766 2249 867 2314 cadus.
920 2274 922 2278 ·

177 2336 241 2396 Nec
254 2341 346 2396 tener
360 2333 502 2414 Argolica
514 2336 623 2395 missus
638 2334 677 2395 de
692 2341 784 2413 gente
798 2336 955 2410 minister,

137 2431 171 2481 10
218 2419 280 2480 Sed
294 2418 381 2479 stetit
393 2418 502 2479 inculti
516 2420 629 2479 rustica
642 2420 732 2480 turba
744 2419 822 2496 foci,
844 2418 847 2423 ’
902 2422 905 2429 ’

178 2498 277 2567 Vilica
289 2502 340 2563 vel
355 2503 423 2562 duri
438 2521 611 2584 compressa
624 2509 673 2563 est
685 2508 780 2583 nupta
794 2499 911 2578 coloni,

219 2584 347 2646 Incaluit
362 2588 503 2665 quotiens
517 2588 619 2648 saucia·
631 2606 707 2647 vena
721 2604 817 2646 mero.
896 2627 903 2636 -

178 2668 242 2728 Nec
259 2671 363 2728 nocuit
376 2671 466 2729 tectis
480 2671 576 2747 ignis,
598 2689 655 2730 nee
671 2670 769 2730 Sirius
786 2670 881 2746 agris,

220 2752 285 2811 Nec
300 2770 399 2811 mersa
413 2758 461 2811 est
478 2752 605 2832 pelago,
625 2771 682 2812 nec
701 2755 770 2813 fluit
785 2750 848 2811 ulla
861 2751 946 2811 ratis.
967 2804 970 2811 .

139 2847 172 2898 15
180 2836 342 2914 Supposita
356 2839 404 2894 est
416 2833 528 2898 blando
544 2854 697 2914 nunquam
709 2836 769 2896 tibi
781 2841 901 2894 tessera
914 2833 996 2911 talo,

218 2918 295 2979 Alea
312 2917 367 2978 sed
380 2935 489 2997 parcae
504 2916 569 2977 sola
582 2917 670 2977 suere
683 2936 786 2978 nuees.
1010 2924 1012 2929 ’
1026 2989 1028 2993 .

177 3003 250 3080 Dic,
270 3003 323 3062 ubi
339 3002 379 3062 sit
393 3001 533 3079 deciens,
554 2997 651 3089 mater
666 3001 747 3082 quod
761 3021 848 3062 arara
861 2998 1011 3080 reliquit?

150 3084 152 3091 '
218 3086 371 3165 Nusquam
385 3092 447 3146 est:
466 3085 569 3146 fecisti
583 3104 664 3164 rem,
683 3085 779 3164 Liue,
791 3084 969 3146 difficilem.
1003 3124 1008 3134 ν

546 3219 664 3282 aava.
718 3195 720 3199 ’

162 3330 351 3392 Praetorem
364 3352 485 3418 pauper
500 3339 623 3395 centum
635 3333 779 3393 sestertia
793 3333 921 3392 Gaurus·

130 3436 133 3442 ¹
198 3413 320 3477 Orabat
334 3439 414 3482 cana
429 3426 526 3484 notus
541 3419 695 3499 amicitia,
