2250 3794
85 185 128 248 94
322 144 792 267 '‘uqsuomarrauas
902 272 909 284 θ
985 245 989 252 .

168 342 254 401 llaec
267 341 352 418 iuga,
374 358 462 418 quam
475 338 575 417 Nysae
591 334 686 398 colles
700 336 768 417 plus
783 334 919 396 bacchus
935 340 1061 417 amavit,

210 425 278 483 Hoc
292 441 391 502 nuper
409 422 512 501 Satyri
524 427 629 481 moute
643 420 759 481 dedere
776 422 895 483 choros.

147 508 255 567 5Haec
269 507 403 569 Veneris·
416 504 523 583 sedes,
544 503 774 565 Lacedaemone
788 504 904 583 gratior
918 502 982 582 illi,

210 591 269 650 Hic
283 589 369 650 locus
383 588 537 649 Herculeo
553 590 677 647 numine
689 585 788 647 clarus
803 593 879 648 erat.

169 675 286 734 (iuncta
298 675 401 733 iacent
413 673 541 732 flammis
556 678 589 731 et
603 673 687 742 tristi
700 690 801 730 merra
813 668 930 730 favilla:

208 758 273 817 Nec
287 748 392 838 superi
407 755 525 816 vellent
538 757 597 835 hoc
611 754 737 816 licuisse
751 754 818 815 sibi.

555 887 649 950 XLV.

168 1003 254 1061 Haec
269 1002 327 1062 tibi
340 1021 397 1081 pro
411 1006 483 1061 nato
500 999 592 1080 plena
607 998 660 1060 dat
671 999 771 1060 laetus
785 1020 906 1077 acerra,
941 1038 944 1047 ·

56 1082 59 1087 ’
210 1085 350 1162 Phoebe,
371 1082 528 1144 Palatinus
545 1100 671 1164 munera
684 1083 884 1162 Parthenius,

169 1170 211 1228 Ut
225 1170 277 1246 qui
290 1169 479 1249 prima'novo
492 1169 593 1250 signat
608 1168 814 1246 quinquennia
828 1167 944 1244 lustro,

209 1250 338 1332 Impleat
350 1253 524 1330 innumeras
539 1252 654 1327 Burrus
669 1249 872 1331 Olympiadas.

82 1406 84 1410 ,
147 1335 232 1396 oliae
247 1341 313 1395 rata
327 1341 397 1396 vota
410 1335 523 1416 patris:
544 1336 587 1394 sic
601 1332 634 1396 te
651 1339 704 1394 tua
718 1335 825 1414 diligat
840 1335 931 1395 arbor

210 1418 348 1478 Gaudeat
363 1425 395 1479 et
410 1423 495 1478 certa
508 1419 682 1497 virginitate
697 1439 800 1478 soror:
988 1495 991 1499 ⁸

168 1502 323 1581 Perpetuo
338 1504 382 1562 sic
395 1503 473 1562 flore
487 1502 597 1580 mices,
617 1503 662 1562 sic
677 1500 811 1581 deniqne
824 1520 886 1561 non
901 1503 963 1567 sint

212 1587 287 1645 Tam
302 1586 411 1664 longae
425 1585 564 1663 Bromio,
588 1605 677 1664 quam
691 1587 765 1665 tibi,
786 1586 928 1662 Phoebe,
949 1603 1064 1645 comae.

505 1732 714 1795 ¹uam
832 1821 833 1824 Ν

171 1844 341 1906 Saturnalia
356 1844 480 1907 divitem
495 1844 650 1906 Sabellum

168 1928 338 1989 Fecerunt:
356 1931 467 1991 merito
483 1935 582 1990 tumet
595 1927 751 2005 Sabellus,

167 2012 233 2071 Nec
248 2031 418 2096 quenquam
435 2019 523 2092 putat
541 2031 609 2072 esse
623 2011 841 2092 praedicatque

168 2095 252 2153 Inter
268 2095 434 2155 causidicos
448 2095 624 2154 beatiorem.

147 2178 236 2237 5Hos
250 2178 347 2237 fastus
360 2179 536 2255 animosque
551 2177 604 2237 dat
620 2176 744 2238 Sabello

171 2261 276 2321 Farris
291 2260 444 2320 semodius
458 2261 608 2341 fabaeque
621 2261 740 2339 fresae,

172 2347 213 2406 ut
227 2346 304 2405 turis
318 2346 497 2425 piperisque
512 2351 579 2405 tres
595 2342 747 2423 selibrae,

169 2431 210 2490 Et
225 2430 374 2489 Lucanica
386 2437 495 2498 ventre
509 2449 577 2489 cum
590 2427 728 2507 Falisco,

169 2514 210 2572 Et
225 2516 305 2591 nigri
321 2515 398 2592 Syra
412 2511 527 2574 defruti
542 2511 668 2594 lagona,

128 2597 208 2658 lollt
224 2598 300 2656 ficus
314 2597 429 2676 Libyca
445 2597 545 2675 gelata
559 2603 639 2658 testa
739 2620 741 2625 ·

170 2679 246 2738 Cum
259 2679 360 2739 bulbis
376 2681 571 2759 cochleisque
586 2700 745 2761 caseoque.

169 2763 283 2822 Piceno
302 2781 422 2841 quoque
437 2768 522 2824 veuit
536 2786 552 2823 a
568 2765 681 2825 cliente

168 2846 283 2906 Parcae
299 2845 409 2905 cistula
421 2865 483 2905 nou
497 2868 589 2927 capax
603 2847 718 2926 olivae,

169 2931 210 2989 Et
225 2950 326 2989 crasso
339 2927 427 3007 figuli
439 2930 536 3008 polita
551 2931 637 2991 caelo

128 3014 349 3093 ibSeptenaria
363 3014 516 3092 synthesis
533 3014 675 3094 Sagunti,

169 3098 323 3178 Hispanae
337 3095 453 3156 luteum
468 3106 554 3157 rotae
567 3107 706 3159 toreuma

168 3182 209 3242 Et
221 3181 282 3241 lato
297 3182 410 3241 variata
425 3200 531 3260 mappa
546 3181 638 3244 clavo.

170 3264 340 3324 Saturnalia
353 3265 556 3324 fructuosiora

165 3349 267 3407 Annis
277 3369 340 3409 non
354 3350 462 3408 habuit
476 3347 582 3409 decem
596 3345 746 3408 Sabellus.
