2264 3786
279 160 744 254 nncnnuusuon'nnnn
757 192 816 285 m
1014 192 1053 257 ιι

154 339 282 401 Putidus
296 349 361 418 est,
381 345 495 403 totiens
510 345 537 404 si
553 343 626 403 mihi
639 345 728 424 ponis
743 364 858 425 aprum.

113 425 202 501 Quod
216 428 318 493 sinon
332 428 480 485 scombris
494 425 644 486 scelerati
658 435 798 506 poemata
813 428 922 508 dunas,

71 521 104 570 ιο
153 509 285 569 Cenabis
302 507 384 568 solus
399 511 474 586 ium,
495 510 656 588 LIgurine,
679 509 769 570 domi.

516 656 564 717 LI.
627 698 639 726 ι

112 781 188 850 Cum
202 782 312 841 faciem
324 780 431 861 laudo,
446 801 513 841 cnm
526 784 622 842 miror
637 802 725 843 crum
738 802 920 863 manusque,

153 865 281 941 Dicere,
299 863 402 942 Galla,
423 863 506 925 soles
519 865 627 943 „Nuda
641 864 768 947 placebo
783 868 909 947 magis,“
1022 888 1025 893 ¹

110 948 152 1007 nt
166 966 288 1027 semper
301 949 377 1008 vitus
393 950 562 1009 cummunis
574 950 683 1010 balnea
696 950 793 1010 nubis.

152 1030 321 1110 Numquid,
343 1029 445 1110 Galla,
466 1032 571 1108 times,
593 1050 633 1092 ne
649 1033 705 1093 tibi
719 1031 949 1115 ndnplsceam?

510 1179 571 1241 LII.
584 1195 588 1205 ·

109 1305 220 1384 Empta
237 1305 342 1367 domus
356 1306 458 1368 inerat
471 1309 543 1385 ubi,
566 1306 766 1387 Tongilium,
786 1307 913 1369 ducenis

152 1389 287 1449 Abstulit
300 1391 379 1449 hunc
392 1391 516 1451 nimium
532 1410 618 1452 casus
633 1393 666 1453 in
680 1394 756 1453 urbe
769 1392 928 1472 frequens.

110 1469 263 1543 collatum
278 1479 326 1532 est
340 1471 473 1536 deciens.
501 1475 604 1553 Rogo,
625 1493 686 1536 nun
700 1483 789 1556 potes
802 1477 869 1557 ipsc
884 1475 981 1537 videri

152 1554 328 1617 incendisse
343 1564 441 1636 tuam,
463 1556 661 1638 Tongilianus,
683 1558 827 1621 domum?

505 1703 579 1767 LIII.

108 1829 151 1887 nt
162 1826 246 1888 voltu
259 1836 398 1909 poteram
410 1836 463 1889 tnu
481 1848 589 1891 curere

108 1913 151 1971 nt
166 1910 246 1971 collo
261 1915 459 1992 manibusque
473 1916 674 1994 cruribusque

108 1995 150 2053 ‚nt
164 1997 298 2056 mammis
313 1998 495 2076 natibusque
508 1995 725 2078 clunibnsque,

108 2079 165 2156 nt,
186 2096 225 2138 ne
239 2078 358 2158 sInguls
371 2081 517 2160 persequi
532 2079 687 2161 laborem,

65 2204 68 2218 .
87 2161 191 2222 5Τοιι
206 2169 237 2222 te
247 2164 405 2243 poteram,
428 2162 543 2242 Chloe,
564 2183 680 2227 carere.

499 2315 576 2379 LIV.

109 2438 185 2498 Cum
200 2430 273 2498 dure
290 2458 352 2515 nun
365 2441 477 2520 possim
494 2441 575 2519 qnod
590 2443 706 2520 poscis,
729 2437 834 2515 Galla,
852 2447 1027 2519 rogantem,

150 2521 252 2582 Multo
266 2522 450 2604 simplicius,
472 2523 579 2599 Gallu,
600 2541 713 2602 negare
727 2527 826 2602 putes,

501 2670 566 2733 LV.

110 2795 197 2872 Quod
213 2817 390 2877 quacunque
403 2799 504 2875 venis,
527 2798 669 2858 Cosmum
685 2797 823 2877 migrare
831 2803 970 2878 putamus

150 2880 192 2939 Et
202 2882 300 2940 fluere
314 2901 440 2954 excussu
456 2883 594 2943 cinnama
607 2882 675 2941 fusa
685 2875 787 2960 ¹uitro,
1020 2887 1021 2890 ’

108 2961 186 3021 Nolo
200 2966 372 3043 peregrinis
386 2964 509 3047 pisceus
524 2967 597 3042 tibi,
620 2962 738 3043 Gellia,
758 2956 857 3043 ¹nugis.

150 3047 232 3126 Scis,
254 3055 345 3129 puto,
366 3067 457 3131 posse
474 3067 574 3110 meum
588 3049 632 3109 sic
646 3050 727 3108 bene
742 3047 826 3121 olere
836 3066 954 3123 [canem.

500 3196 576 3258 LVI.

108 3321 155 3381 Sit
168 3323 301 3382 cisterna
314 3324 387 3383 mihi
394 3314 408 3401 ,¹
427 3345 514 3403 qnam
528 3326 631 3402 vines,
653 3312 924 3403 malo'Ruvennse,

149 3405 224 3466 Cum
242 3408 355 3485 possim
369 3407 464 3469 multu
479 3408 612 3500 vendere
626 3406 726 3490 pluris
740 3426 855 3488 uquam.
