2264 3786
181 276 184 287 .
307 185 642 249 nemnemmsson
655 185 728 249 LIII.
746 187 782 250 II.
1016 186 1058 251 59
1103 221 1106 225 <

462 386 623 451 LXXXIX.

114 496 203 578 Quod
216 498 310 558 nimio
326 495 440 576 gaudeo
454 492 764 580 noctemsprodueere
774 503 864 580 vino,

154 584 299 662 Ignosco:
320 582 442 659 vitium,
463 583 582 660 Gaura,
603 584 729 645 Catonia
741 585 846 648 habea.

113 667 255 728 Carmina
269 661 351 743 quod
366 666 475 731 acribia
489 665 587 726 Muaia
603 673 636 726 et
648 664 793 746 Apolline
806 664 908 745 nullo,

155 746 287 809 Laudari
303 746 414 807 debeo:
436 749 495 808 hoc
510 749 668 810 ciceronis
682 751 786 812 habea.

95 830 206 910 5Quod
219 832 330 906 nonii,
352 831 482 890 AntonI:
506 832 587 909 quod
601 830 781 911 luxurians,
805 835 909 913 Apici:

155 913 244 993 Quod
258 913 364 991 fellae,
385 915 491 974 vitium
504 913 554 974 dio
565 915 640 975 mihi
654 916 738 976 cuine
753 917 871 978 habeat

512 1076 577 1140 XC.

115 1190 319 1270 Quintiliane,
339 1208 432 1268 vagae
446 1188 621 1251 moderator
635 1211 751 1254 numme
763 1195 921 1268 iuventae,

155 1272 263 1335 Gloria
278 1276 447 1350 Romanae,
469 1273 673 1354 Quintiliano,
692 1284 798 1357 togae,

113 1359 227 1420 Vivere
241 1354 325 1437 quod
339 1375 474 1438 propero
487 1377 604 1438 pauper
618 1378 676 1420 nee
688 1358 807 1420 Inutilla
822 1358 924 1433 annia,
1017 1375 1020 1382 ·

155 1441 201 1500 lia
213 1443 347 1501 neniam:
368 1447 515 1520 properat
528 1443 631 1502 vivere
645 1462 734 1504 nemo
749 1442 832 1503 satia.
933 1472 949 1519 0

93 1525 246 1588 initiarat
258 1525 318 1584 hoo
331 1525 448 1604 patrina
462 1531 548 1605 optat
563 1527 615 1604 qui
627 1527 750 1587 vincere
765 1543 875 1587 centua

156 1609 305 1686 Atriaque
319 1605 489 1667 immodicis
503 1614 583 1668 artat
594 1611 782 1688 imaginihus.

113 1692 168 1754 Me
183 1689 269 1751 iooua
284 1696 317 1750 et
330 1691 435 1768 nlgroa
449 1710 510 1750 non
524 1690 711 1769 indignantia
725 1694 825 1753 iumoa

157 1774 255 1834 'I‘eota
268 1775 372 1834 iuvant
383 1779 417 1835 et
429 1773 498 1832 iona
511 1775 595 1834 rivae
610 1783 642 1834 et
655 1777 752 1836 herba
763 1774 858 1836 rudir.

114 1858 163 1921 Sit
176 1859 250 1918 mihi
263 1876 357 1918 verna
370 1862 471 1935 aatur,
492 1857 534 1917 ait
544 1876 607 1917 non
622 1857 796 1919 doctissima
808 1856 952 1931 coniunx,

72 1955 107 2006 10
155 1941 202 2002 Sit
213 1960 272 2002 nox
287 1958 488 2031 nummum,
507 1940 629 2002 aitaiue
642 1940 698 2004 lite
713 1941 788 2003 diea.

503 2103 580 2167 xcl.
702 2108 705 2113 ’

113 2231 228 2291 Rerum
243 2237 330 2291 certa
342 2227 440 2307 ealon,
457 2235 609 2290 terrarum
623 2210 737 2308 gloria,
758 2227 892 2305 Caesar,

157 2313 280 2393 Sospite
295 2331 354 2391 quo
368 2331 492 2392 magnos
507 2312 659 2372 oredimus
673 2329 741 2371 eoae
756 2309 849 2388 deon,

114 2396 148 2457 Si
161 2397 315 2457 fertinatis
327 2398 443 2456 totiena
455 2397 514 2455 tibi
525 2395 605 2456 lecta
619 2392 737 2455 libellis

156 2480 325 2540 Detinuere
342 2478 446 2539 oouloa
460 2480 593 2539 ommino
604 2484 709 2537 nostra
722 2483 808 2552 tuos,

95 2563 207 2642 5Quod
219 2563 343 2622 fortuna
354 2568 438 2622 vetat
449 2561 534 2638 lierI,
554 2561 700 2642 permitte
714 2559 829 2636 videri,

71 2697 73 2701 .
155 2647 301 2706 Natorum
316 2646 438 2724 genitor
451 2641 561 2704 credar
574 2649 610 2703 ut
624 2661 693 2703 eane
706 2645 809 2706 trium.

115 2731 216 2808 Haec,
238 2729 265 2789 ai
277 2726 436 2809 displicui,
454 2727 573 2787 inerint
585 2723 695 2788 solatia
707 2729 814 2799 nobia;

156 2815 242 2875 Haeo
256 2812 373 2873 fuerint
386 2812 475 2872 nobia
488 2812 640 2893 praemia,
662 2812 689 2871 ai
702 2811 812 2893 placui,

498 2973 588 3036 XCII.

115 3085 260 3148 Natorum
273 3087 349 3154 milii
365 3088 412 3148 ius
425 3088 517 3147 trium
531 3086 652 3163 roganti

116 3170 271 3231 Musarum
285 3169 519 3252 pretiumdedit
532 3186 667 3228 mearum

117 3253 205 3314 Solua
222 3257 273 3333 qui
286 3259 418 3335 poterat.
446 3251 589 3330 Valebia,
609 3270 694 3312 uxor.

117 3336 184 3398 Non
199 3337 293 3401 debet
307 3337 422 3399 domini
435 3339 539 3418 perire
554 3353 670 3397 manua
