2264 3786
281 207 616 273 uoluunmomuon
628 211 703 272 Llll.
717 212 781 275 Vll.
871 276 873 282 ,
985 211 1046 275 169

446 367 600 474 'urxvu

106 523 196 601 Quod
209 530 242 585 te
258 520 407 604 diripiunt
419 525 612 602 potentiores

103 608 166 669 Per
180 608 330 684 convivia,
351 607 504 686 porticus,
525 608 663 685 theatro,

104 693 147 752 nt
161 698 278 769 tecum,
300 692 440 770 quotiens
454 691 497 750 ito
510 689 664 769 incidisti,

105 775 229 835 Gestari
243 775 325 849 inunt
341 778 374 833 et
386 774 469 833 iuvat
481 772 590 833 lavari:

61 868 79 919 5
102 856 208 918 Nolito
222 859 345 918 nimium
359 858 417 918 tibi
430 856 562 936 placere.

103 940 264 1019 Delectaa,
283 939 475 1018 Philomuae,
496 959 558 1000 non
573 941 690 999 amaria.

461 1072 608 1137 LXXVII.

102 1188 225 1266 Exigis,
245 1193 411 1249 utnoatroo
426 1184 537 1246 donem
549 1188 622 1265 tibi,
641 1187 761 1267 Tacen,
782 1189 913 1255 libellos.

145 1271 214 1331 Non
227 1271 350 1333 inciam:
371 1289 441 1331 nam
458 1271 502 1331 via
517 1267 669 1349 vender-03
689 1291 751 1332 non
764 1270 881 1353 legere.

452 1404 613 1468 LXXVIII.

104 1515 181 1576 Cum
195 1515 336 1576 Saxetani
349 1521 480 1596 ponatur
494 1515 588 1575 conda
602 1512 711 1577 lacerti

144 1599 201 1677 Et,
223 1602 302 1661 bene
317 1600 343 1659 ai
357 1618 465 1677 cenas,
487 1599 611 1659 eonchia
626 1600 749 1661 inuncta
759 1601 834 1663 tibi:

104 1681 233 1761 Sumen,
255 1702 375 1764 aprum,
395 1681 549 1762 leporem,
571 1680 708 1761 boletos,
730 1690 849 1763 ostrea,
871 1685 980 1748 mullos

144 1765 260 1827 Mittis:
280 1767 375 1828 habeo
388 1783 446 1826 nec
460 1784 529 1844 cor,
550 1764 675 1847 Papile,
696 1784 754 1827 nec
768 1769 898 1847 genium.

464 1896 598 1971 LXXIX.

101 2011 209 2071 Potavi
221 2008 312 2071 modo
326 2009 487 2073 consulare
500 2013 609 2072 vinum.

101 2094 248 2172 Quaeris,
270 2114 358 2174 qnam
371 2101 457 2155 vetuo
473 2101 564 2174 atque
578 2093 731 2156 liberale?

102 2178 171 2256 lpso
189 2177 312 2238 consule
330 2177 500 2239 conditum:
521 2176 576 2238 aed
590 2179 675 2259 ipae,
711 2185 713 2189 ’

101 2261 161 2336 Qui
174 2262 323 2343 ponebat,
344 2261 579 2341 erat„Severe,
600 2261 715 2325 conoul

468 2394 588 2501 dxix.

101 2521 257 2598 Quatenus
270 2520 418 2601 Odrysios
431 2523 489 2581 iam
505 2540 563 2601 pax
575 2521 708 2579 Romana
721 2514 840 2580 triones

144 2604 311 2684 Temperat
325 2612 359 2666 et
372 2607 502 2666 tetricae
517 2605 694 2664 conticuere
708 2605 815 2679 tuboe,

99 2688 190 2748 Hono
201 2687 386 2751 Marcellino
401 2689 535 2775 poteris,
555 2684 717 2764 Panatine,
736 2684 879 2747 libellum

146 2771 291 2832 Mittere:
311 2775 372 2833 iam
385 2773 515 2850 chartis,
534 2772 595 2831 iam
608 2777 694 2830 vacat
706 2767 762 2831 ille
776 2771 862 2831 iocia.
905 2798 920 2812 -·

77 2852 167 2915 osed
180 2855 208 2914 ai
220 2874 313 2935 parvo
325 2856 372 2915 tul
385 2852 562 2916 munuscula
576 2855 697 2934 quaeria
711 2855 800 2915 amici

142 2937 379 3016 Commendare,
399 2939 480 2999 ieret
495 2939 627 2998 carmina
640 2944 746 3004 nostra
758 2955 851 3018 puer:

99 3019 169 3080 Non
185 3020 283 3100 qualis
297 3023 424 3083 Geticae
439 3024 564 3089 satiatus
577 3020 657 3081 lacte
671 3022 816 3081 iuvencae

143 3104 308 3165 Sarmatica
322 3104 424 3183 gelido
440 3104 520 3165 ludit
533 3106 566 3164 in
581 3123 667 3164 amne
681 3109 766 3179 rota,

99 3185 162 3246 Sed
176 3187 358 3267 Mitylenaei
372 3207 479 3248 roseus
494 3188 650 3265 mangonio
663 3188 816 3266 ephebus,

58 3280 92 3332 10
142 3269 204 3333 Vel
216 3291 279 3331 non
294 3290 399 3331 caeoua
414 3270 511 3332 adhuc
525 3277 622 3331 matre
636 3271 761 3330 iubente
776 3269 888 3330 Lacon.

99 3352 141 3413 At
153 3354 212 3413 tibi
226 3357 344 3434 captivo
358 3353 489 3414 femulua
507 3356 646 3415 mittetur
661 3354 696 3412 ab
711 3352 835 3429 Hiatro,

141 3435 201 3514 Qui
216 3437 397 3511 Tiburtinae.
406 3455 534 3520 parcere
549 3438 647 3520 poenit
660 3453 740 3497 ovea
944 3470 949 3483 ·
1006 3392 1102 3564 c
