2264 3786
82 108 95 134 ’
216 227 224 233 ,
298 122 634 230 urreslnmarou
647 169 725 232 mn
737 170 760 231 1.
878 238 883 251 ,
1002 167 1043 233 sa

481 371 571 433 LVII.
692 384 695 390 '

73 552 79 565 1
97 482 244 563 Qualem,
264 484 393 563 Florae,
412 484 505 546 velim
520 488 643 564 quaeris
655 438 788 546 nolimve
803 450 961 566 puellam?

68 578 70 586 “
137 566 217 628 ΝοΙο
234 571 323 629 nimIs
338 568 462 629 facilem
476 569 695 648 difficilemque
712 570 810 630 nimis.

96 651 175 712 Illud
190 651 272 730 quod
283 652 415 712 medium
429 658 583 731 astatque
593 655 677 714 inter
687 659 849 730 utrumque
863 654 1040 732 probamus:

136 738 202 796 Nee
215 734 284 795 volo
301 735 383 813 quod
398 737 528 814 cruciat,
549 754 608 797 nee
621 733 690 796 volo
704 735 786 814 quod
799 736 897 797 satiat.
1048 746 1051 753 ’

478 868 582 930 LVIII.

62 1036 64 1043 .
96 980 186 1041 Milia
199 1001 256 1061 pro
271 1001 367 1062 puero
383 990 505 1043 eentum
519 1002 568 1042 me
583 1001 690 1061 mango
705 983 861 1062 poposcit:

137 1065 204 1125 Risi
219 1083 293 1143 ego,
315 1064 371 1125 sed
386 1067 528 1126 Phoebus
543 1067 683 1146 protinus
697 1063 752 1126 Illa
766 1063 861 1125 dedit.

18 1150 21 1155 ’
96 1149 164 1208 Ηοο
179 1147 266 1207 dolet
279 1154 312 1208 et
326 1151 465 1226 queritur
479 1149 519 1208 de
533 1170 581 1209 me
597 1168 665 1209 mea
678 1146 814 1209 mentula
827 1167 931 1210 seeum

136 1231 353 1309 Laudaturque
366 1252 464 1292 meam
477 1234 620 1293 Phoebus
634 1235 667 1292 in
680 1230 832 1294 invidiam.

70 1314 161 1378 tsed
175 1315 383 1375 sestertiolum
400 1315 523 1375 donavit
536 1315 673 1376 mentula
686 1315 812 1375 Phoebo

137 1400 190 1458 BIs
205 1397 345 1459 deciens:
368 1401 428 1460 hoe
442 1399 481 1459 da
495 1405 528 1460 tu
545 1400 638 1477 mihi,
658 1397 757 1479 pluris
773 1410 878 1458 emam.
992 1446 995 1454 .

390 1508 394 1521 '
493 1533 570 1601 uui.
630 1548 637 1559 ··

98 1646 156 1717 Dat
173 1648 286 1706 Baiana
301 1648 375 1707 mihi
390 1646 576 1726 quadrantes
591 1643 730 1726 sportula
745 1652 876 1707 eentum.
891 1682 893 1687 .

88 1756 89 1759 ¹
111 1797 116 1804 Ι
138 1730 223 1789 Inter
240 1730 365 1791 delicias
383 1730 457 1806 quid
469 1731 545 1790 facit
559 1734 618 1790 ista
630 1729 748 1789 fames?

97 1812 205 1872 Redde
220 1814 299 1894 Lupi
313 1814 401 1872 nobis
416 1814 642 1891 tenebrosoque
657 1811 767 1872 balnea
783 1810 898 1890 Grylli:

83 1964 85 1970 Α
138 1897 216 1956 'I'am
230 1896 309 1957 male
325 1916 392 1956 oum
407 1888 530 1978 eeuem‚'
552 1916 606 1956 eur
621 1899 717 1974 bene,
732 1894 864 1973 Florae,
880 1896 987 1955 laver?

493 2047 557 2116 LX·
609 2069 611 2072 ⁴

96 2159 196 2219 Intres
211 2156 309 2238 ampla
322 2156 398 2219 lieet
411 2161 491 2219 torvi
504 2157 595 2240 lepus
611 2180 666 2219 ora
678 2158 796 2239 leonis,

138 2244 215 2303 Esse
229 2249 332 2307 tamen
345 2263 438 2302 vacuo
454 2262 488 2302 se
502 2242 553 2303 leo
570 2243 663 2304 dente
676 2242 773 2324 putat.

97 2325 187 2402 Quod
200 2331 270 2385 ruet
285 2327 317 2384 in
331 2333 452 2404 tergum
466 2326 517 2385 vel
533 2347 608 2404 quos
623 2328 805 2406 procumbet
816 2327 848 2384 iu
866 2346 982 2405 armos,

138 2408 210 2469 Alta
224 2411 420 2470 iuvencorum
435 2409 562 2470 vulnera
576 2412 652 2488 figet
665 2410 741 2469 ubil

75 2489 180 2570 bQuid
194 2492 310 2551 frustra
322 2491 480 2552 nemo'rum
495 2493 648 2552 domiuum
662 2510 829 2573 regemque
841 2492 973 2568 fatigas?

137 2576 207 2636 Non
220 2577 279 2635 nisi
291 2575 415 2654 delecta
428 2577 565 2656 pascitur
576 2574 632 2635 ille
646 2576 723 2638 fera.

487 2704 563 2770 LXI.

96 2824 220 2887 Verona
236 2822 318 2883 docti
333 2815 465 2902 syssabas
480 2832 559 2884 amat
572 2827 665 2903 vatis,

136 2902 267 2967 Marone
280 2907 357 2966 felix
370 2909 497 2968 Mantua
512 2915 574 2985 est,

96 2991 250 3051 Censetur
263 2991 371 3070 Apona
385 2991 470 3050 Livio
485 3011 539 3051 suo
556 2993 648 3052 tellus

139 3074 297 3152 Stellaque
311 3091 370 3133 nee
382 3072 495 3139 Flacco
510 3078 624 3152 minus,

75 3156 285 3238 5Apollodoro
302 3155 420 3236 plaudit
433 3158 574 3218 imbrifer
592 3159 694 3237 Nilus,
709 3197 714 3204 ·

137 3240 257 3301 Nasone
271 3238 393 3318 Pellgni
407 3247 531 3319 sonant,
549 3310 551 3316 ‚

96 3324 240 3401 Duosque
256 3324 389 3383 Senecas
403 3325 586 3402 unicumque
600 3325 753 3384 Lucanum

42 3437 46 3441 ·
125 3406 280 3476 ‚Facunda
293 3408 429 3486 loquitur
445 3407 603 3484 Corduba,

942 3466 1054 3560 ,Ι
