2264 3786
292 200 630 263 nrmmnnmnon
646 203 719 269 nm.
738 206 789 268 ιι.
885 290 889 299 Ι
1014 207 1054 270 or

93 352 180 415 used
194 361 229 413 tu
243 369 354 412 nomeu
370 353 465 412 hahes
480 370 585 413 everso
600 354 688 414 fonte
702 373 842 418 sororum

153 436 346 516 ImposItum,
366 443 464 496 meter
479 436 561 514 quod
574 438 632 497 tibi
648 437 723 497 dure
739 437 840 514 dedit;

114 519 203 596 Quod
215 536 273 578 nec
287 518 500 600 Melpomene,
521 520 604 598 puod
618 539 676 581 nec
690 519 892 602 Polyhymnia
903 525 1015 611 possit,

154 603 218 663 Nec
233 604 284 682 piu
299 623 366 662 cum
380 603 507 663 Phoebo
520 603 625 664 dicere
641 603 790 685 Calliope.
898 638 903 647 ι

113 687 195 765 Ergo
210 685 334 766 aliquod
346 693 466 766 'gratum
482 686 580 748 MusIs
590 689 649 747 tihi
661 706 773 749 nomeu
787 689 912 773 udopte:

72 779 107 831 10
155 771 222 831 Nou
237 788 358 850 semper
370 768 455 831 belle
471 769 585 831 dicitur
600 771 846 851 „Hippodume.“

485 903 606 967 XXXII.

113 1017 154 1074 Et
166 1013 245 1075 lutet
260 1023 292 1076 et
305 1015 390 1076 lucet
402 1016 630 1078 Phaethontide
646 1015 769 1078 conditu
783 1022 883 1096 gutte,

155 1099 198 1159 Ut
211 1099 351 1160 videatur
364 1102 428 1180 opis
441 1107 567 1160 nectere
583 1097 666 1159 cluse
681 1119 745 1161 suo.

113 1182 243 1260 Dignum
257 1189 412 1244 tantorum
425 1184 559 1264 pretium
573 1182 645 1243 tulit
657 1181 712 1243 illu
724 1181 880 1245 laborum:

156 1264 314 1328 Credibile
328 1273 377 1328 est
390 1267 488 1346 ipsum
502 1268 546 1328 sic
560 1265 694 1349 voluisse
708 1267 795 1328 morl.
914 1318 916 1327 ,

474 1399 609 1462 XXXIII.

112 1507 210 1568 Plena
223 1508 369 1570 laboratis
385 1511 497 1572 hebens
512 1531 579 1570 cum
594 1513 705 1573 scrinio
716 1510 820 1592 librIs,

153 1592 278 1652 Emittis
293 1612 404 1672 quere,
426 1594 601 1673 Sosihieue,
622 1593 724 1655 nihsst

113 1673 238 1754 „Edent
251 1676 407 1741 heredes“
419 1679 523 1757 inquis
538 1697 627 1754 „meu
645 1678 811 1742 cormiuu.“
836 1677 985 1758 Quando?

155 1759 291 1840 Tempus
305 1767 373 1820 eret
385 1763 445 1821 iam
459 1770 508 1840 te,
531 1761 706 1841 Sosihiuue,
728 1762 799 1842 legi

469 1894 606 1958 XXXIV.

114 2003 244 2066 Sordida
258 2027 326 2068 cum
341 2010 399 2068 tibi
414 2010 470 2089 sit,
491 2029 597 2070 verum
610 2016 728 2090 temen,
749 2009 873 2089 Attole,
895 2008 986 2087 dixit,

155 2089 298 2171 Quisquis
312 2098 344 2152 te
358 2094 476 2154 niueam
490 2091 567 2153 dixit
580 2095 696 2156 habere
713 2101 822 2174 toghm.

479 2224 602 2289 XXXV.

112 2337 278 2398 Frontibus
295 2337 431 2419 adversis
443 2338 554 2401 molles
568 2359 754 2400 concurrere
767 2339 898 2400 dommus

154 2421 292 2483 Vidimus
309 2428 342 2482 et
354 2423 411 2481 foti
424 2429 508 2482 sorte
522 2425 624 2483 iecere
641 2425 718 2502 pari,

114 2504 299 2584 Spectavere
313 2522 404 2565 canes
417 2504 562 2585 praedam
577 2506 753 2584 stupuitque
768 2506 917 2585 superbus

154 2588 309 2667 Venator,
330 2586 430 2648 cultro
445 2585 490 2646 nil
505 2606 668 2668 superesse
682 2608 744 2652 suo.

83 2676 99 2726 5
111 2669 201 2731 Unde
214 2671 299 2732 leves
315 2674 431 2733 ouImoe
445 2678 530 2731 tanto
544 2670 668 2733 coluere
681 2673 810 2733 foronei
924 2672 928 2688 '

154 2754 209 2814 Sic
218 2763 355 2834 pugnent
367 2757 462 2835 tauri,
481 2757 525 2816 sic
540 2755 681 2817 cecidere
695 2758 761 2817 viri.

474 2902 611 2967 XXXVI.

113 3014 195 3074 Cano
210 3022 259 3075 est
271 3017 365 3076 barba
378 3019 452 3097 tibi,
470 3020 558 3094 nigro
572 3024 620 3078 est
635 3038 734 3079 como:
755 3020 876 3096 tingere
892 3016 1015 3074 horbem
1064 2998 1068 3003 ¹

150 3097 221 3177 IVon
233 3107 340 3181 potes,
361 3101 438 3161 haec
453 3121 543 3161 ceusu
556 3106 618 3160 est:
641 3101 698 3161 sed
711 3107 817 3180 potes,
838 3097 912 3178 ore,
930 3118 1065 3164 comem..

464 3233 615 3296 XXXVII.

113 3342 264 3419 „Centum
278 3346 414 3405 Coranus
429 3353 461 3406 et
478 3347 608 3408 ducenta
621 3347 797 3422 Montium,

113 3423 268 3486 Trecenta
284 3426 377 3486 debet
393 3430 509 3508 Titius,
530 3432 589 3489 hoe
605 3431 652 3491 bis
667 3428 811 3509 AIhiuus,
