2264 3786
267 188 602 252 EPIGRAMMA'I'ON
614 190 686 251 LIB.
700 190 776 252 VIII
980 189 1059 252 185·

460 390 596 454 XXXIX.

95 505 154 581 Qui
168 503 323 564 Palatinae
341 512 466 585 caperet
483 506 618 564 convivia
630 521 753 564 mensae

137 589 375 666 Ambrosiasque
389 587 498 668 dapes,
520 607 582 665 uon
596 595 664 648 erat
678 594 748 646 ante
763 585 859 647 locus.

95 673 156 731 Hic
170 672 294 731 haurire
309 671 401 731 decet
417 690 553 749 sacrum,
576 672 776 748 Germanice,
796 676 904 730 nectar

137 755 178 814 Et
196 755 392 834 Ganymedea
404 755 513 835 pocula
526 755 618 814 mixta
631 773 730 814 manu.

73 839 173 899 §Esse
188 837 280 917 velis,
303 857 374 916 oro,
395 858 482 898 serus
500 840 623 899 conviva
637 838 803 898 Tonantis:

136 923 178 981 nt
190 928 225 982 tu
238 923 265 982 si
277 941 441 1003 properas,
462 922 615 1003 Iuppiter,
633 923 700 1002 ipsc
716 922 795 982 rent.

400 1048 404 1059 '
496 1056 560 1118 XL.

95 1152 164 1211 Non
178 1152 278 1229 horti,
300 1171 400 1230 neque
414 1153 548 1234 palmitis
563 1156 677 1232 beati„

97 1235 160 1295 Sed
172 1237 236 1295 rari
249 1239 401 1315 nemoris,
422 1239 549 1318 Priape,
572 1245 691 1316 custos,

95 1320 142 1379 Ειι
157 1340 216 1398 quo
231 1326 319 1380 natus
334 1339 369 1381 es
384 1326 416 1381 et
428 1329 518 1401 potes
535 1323 671 1399 renasci,

93 1405 243 1481 Furaces,
266 1423 392 1482 moneo,
412 1425 518 1465 manus
532 1404 669 1485 repellas

73 1487 137 1548 ant
151 1485 255 1546 silvam
271 1485 385 1547 domini
398 1489 476 1549 focis
492 1507 644 1549 reserves.

94 1571 128 1630 Si
142 1569 295 1631 defecerit
307 1572 401 1651 haec,
421 1574 533 1653 etipse
547 1573 662 1653 IIgnum
677 1590 720 1633 es.

483 1700 564 1759 XLI.

95 1794 209 1857 Tristis
224 1796 435 1876 Athenagoras
450 1817 513 1858 non
525 1799 608 1858 misit
622 1817 747 1859 munera
761 1796 866 1874 nobis,

138 1880 221 1956 Quae
239 1881 340 1942 medio
354 1883 480 1941 brumae
493 1883 619 1942 mlttere
635 1901 741 1942 meuse
756 1879 844 1941 solet.

94 1964 143 2022 An
157 1964 197 2023 sit
211 1965 422 2043 Athenagoras
435 1967 551 2044 tristis,
572 1966 734 2045 FausIIne,
752 1964 880 2026 videbo:

135 2046 189 2107 Me
204 2053 290 2108 certe
303 2051 424 2111 tristem
438 2050 514 2110 fecit
527 2052 746 2130 Athenagoras.

481 2194 572 2256 XLII.

96 2285 130 2345 Si
146 2293 179 2346 te
194 2287 334 2368 sportula
350 2293 446 2351 maior
463 2292 502 2352 ad
515 2295 622 2352 beatos

96 2369 165 2429 Nou
179 2375 369 2453 corruperit,
390 2380 425 2434 ut
438 2376 533 2452 solet,
554 2377 663 2436 licebit

94 2454 141 2514 De
157 2461 281 2536 nostro,
303 2456 426 2536 Matho,
448 2461 587 2519 ceutIens
600 2458 724 2518 laveris.

474 2586 576 2648 XLIII.

95 2681 198 2742 Effert
209 2701 320 2745 uxores
332 2684 462 2763 Fabius,
484 2684 651 2747 ChrestiIIa
664 2683 806 2760 maritos,

139 2766 373 2846 Funereamque
389 2768 466 2829 toris
481 2776 603 2848 quassat
617 2776 747 2849 uterque
761 2767 869 2826 lacem.

96 2849 240 2910 Victores
256 2853 428 2941 committe,
449 2853 571 2915 Venus:
594 2873 669 2933 quos
682 2853 742 2912 iste
755 2850 891 2911 manebit
1013 2926 1015 2931 ι

138 2933 261 3013 Exitus,
283 2954 342 2994 una
357 2935 433 3017 duos
448 2943 483 2996 ut
496 2936 631 2999 Libitina
643 2938 733 2999 ferat.
770 2956 774 2965 ’

475 3064 581 3125 XLIV.

97 3157 232 3238 Titulle,
252 3180 378 3239 moneo,
398 3164 480 3221 rive:
503 3178 624 3239 semper
638 3159 697 3217 hoc
713 3176 816 3216 serum
833 3164 889 3214 est.

99 3242 160 3303 Sub
175 3244 352 3324 paedagogo
368 3246 508 3324 coeperis
521 3243 614 3320 licet,
635 3245 736 3300 serum
753 3247 809 3299 est.

97 3327 139 3385 At
152 3332 202 3405 tu,
222 3328 316 3387 miser
334 3328 469 3406 Titulle,
490 3346 548 3387 nec
564 3343 661 3385 senaa
672 3324 769 3400 airis,

93 3409 158 3468 Sed
172 3430 264 3471 omne
274 3411 371 3473 nmen
386 3413 528 3475 conteris
544 3410 699 3475 salutator
