2264 3786
88 190 151 253 aoo
320 278 324 285 Ι
404 189 448 251 Μ.
464 189 555 252 vau.
570 188 792 250 malsonus
827 240 830 253 .

215 341 262 401 Te
277 340 488 421 dispensator,
507 346 540 400 te
555 339 661 401 domus
675 341 741 420 ipsa
753 345 854 419 pavet.

173 423 297 485 Ludere
309 443 367 484 nec
381 426 486 502 nobis,
508 442 566 484 nee
581 431 615 484 tu
627 425 781 504 permittis
795 442 918 498 amare3

212 507 263 568 Nil
275 509 350 569 mihi
363 509 408 568 vis
423 514 456 567 et
468 508 513 568 vis
529 513 637 568 cuncta
649 506 745 567 licere
761 508 829 570 tibi.

174 591 329 672 Corripis,
352 593 510 668 observas,
532 591 688 668 quereris,
709 589 839 671 suspiria
855 589 963 668 ducis,

132 685 166 738 10
216 675 257 736 Et
272 676 321 735 vix
336 696 354 734 a
365 672 475 734 ferulis
488 680 641 754 temperat
654 675 701 734 ira
714 680 773 733 tua.

172 757 205 818 Si
221 759 333 838 Tyrios
348 759 461 838 sumpsi
477 757 575 818 cultus
589 759 697 817 unxive
712 755 853 837 capillos,

212 842 369 903 Exclamas
383 842 564 920 „Nunquam
576 842 696 901 fecerat
708 841 767 900 ista
781 841 904 921 pater.“

169 925 211 985 Et
224 943 364 985 numerus
380 930 503 984 nostros
517 925 641 985 astricta
654 925 757 986 fronte
771 925 922 1001 trientes,

214 1007 371 1086 Tanquam
390 1005 429 1067 de
443 1005 521 1067 cella
534 1009 575 1066 sit
592 1006 685 1068 cadus
700 1006 757 1068 ille
770 1014 830 1069 tua.

131 1090 297 1161 15Desine3
318 1109 380 1151 uon
396 1108 519 1170 possum
531 1088 677 1150 libertum
691 1092 776 1152 ferre
790 1092 950 1152 Catonem.

151 1190 156 1199 '
212 1175 289 1235 Esse
305 1175 401 1234 virum
416 1174 475 1234 iam
488 1192 537 1235 me
552 1172 636 1235 dicet
651 1176 824 1243 amicatibl.

565 1291 619 1353 XL

171 1392 346 1451 Formosam
359 1388 514 1469 Glyceran
528 1396 607 1451 amat
619 1389 775 1469 Lupercus

171 1475 212 1536 Et
225 1473 307 1534 solus
322 1481 410 1534 tenet
425 1475 615 1554 imperatque
629 1471 722 1533 solus.

172 1559 267 1635 Quam
282 1565 348 1618 toto
362 1558 421 1618 sibi
434 1575 537 1617 mense
553 1576 615 1615 non
629 1556 758 1616 fututam

171 1643 247 1702 Cum
260 1642 358 1701 tristis
374 1646 556 1720 quereretur
570 1645 603 1698 et
616 1639 737 1718 roganti

147 1727 296 1787 5Causam
308 1723 442 1784 reddere
455 1722 550 1785 vellet
562 1720 708 1801 Aeliano,

169 1808 357 1890 Respondit,
378 1807 527 1888 Glycerae
543 1805 651 1868 dolere
666 1804 783 1867 dentes.

561 1937 637 1997 XLI.

107 2012 113 2031 ⁸
171 2033 312 2112 Indulget
325 2035 431 2114 pecori
444 2036 569 2094 nimium
584 2033 654 2093 dum
669 2040 774 2114 pastor
788 2036 936 2115 Amyntas
1006 2067 1009 2074 ·

214 2119 255 2177 ut
269 2117 381 2194 gaudet
394 2117 473 2177 fama
486 2117 664 2197 luxuriaque
679 2119 796 2196 gregis,

170 2198 325 2260 Cedentes
340 2201 427 2259 oneri
440 2220 540 2261 ramos
555 2199 719 2279 silvamque
734 2203 881 2263 fluentem

212 2284 312 2362 Vicit,
330 2302 489 2343 concussas
504 2285 571 2364 Ipse
587 2290 708 2344 secutus
723 2303 806 2365 opes.

147 2366 276 2426 5Triste
290 2385 396 2427 nemus
411 2366 496 2427 dirae
509 2368 606 2428 vetuit
620 2386 781 2447 superesse
796 2368 903 2429 ruinae

95 2486 98 2491 -
209 2452 425 2530 Damnavitque
439 2453 522 2530 rogis
537 2452 625 2511 noxia
637 2450 719 2530 ligna
732 2458 829 2532 pater.

168 2533 314 2611 Pingues,
336 2533 457 2613 Lygde,
478 2553 548 2595 sues
564 2535 675 2595 habeat
691 2536 807 2595 vicinus
821 2532 927 2596 Iollas:

211 2614 258 2676 Te
273 2619 347 2677 satis
361 2624 410 2678 eat
422 2620 510 2678 nobis
525 2637 724 2679 annumerare
737 2637 840 2699 pecus.

547 2746 635 2808 XLII.

168 2839 277 2902 VIvida
290 2861 357 2902 oum
369 2861 476 2921 poscas
491 2844 719 2923 epigrammata,
736 2849 855 2903 mortua
868 2845 960 2923 ponis

211 2925 372 2986 Lemmata.
400 2926 480 3002 Quid
492 2927 578 3004 fieri,
600 2925 788 3004 caeciliane,
809 2927 936 3006 potest?

165 3007 263 3069 Mella
275 3009 361 3069 iubes
375 3007 514 3086 Hyblaea
525 3010 583 3069 tibi
597 3008 648 3069 vel
662 3010 820 3088 Hymettia
832 3012 934 3089 nasei,

207 3092 248 3153 Et
262 3093 364 3172 thyma
378 3093 545 3173 Cecropiae
561 3094 686 3155 Corsica
699 3094 789 3173 ponis
803 3093 874 3173 api?

540 3226 642 3286 XLIII.

160 3320 357 3401 Deprensum
373 3323 405 3383 in
418 3342 515 3405 puero
529 3324 650 3383 tetricis
664 3341 712 3382 me
726 3324 868 3401 vocibus,
888 3343 985 3406 uxor,

195 3407 341 3492 Corripis
360 3414 396 3472 et
411 3407 518 3475 culum
529 3415 565 3469 te
578 3424 702 3489 quoquo
712 3405 962 3466 naoerereiars.
