2264 3786
400 188 444 252 M„
461 184 794 254 VAL.MART1AUS

547 388 652 453 xcln.

172 505 313 582 „Primus
326 503 379 562 ubi
393 502 463 562 est“
476 490 579 580 inqriln
593 522 683 578 „eum
694 504 735 563 sib
747 498 831 562 liber
844 503 904 563 iate
919 502 1075 563 secundos·

214 587 294 664 Quid
308 585 432 663 faciam,
450 586 478 644 ai
490 584 560 665 plus
574 585 631 646 ille
646 585 773 667 pudoris
786 586 903 647 habeti

173 671 223 741 Tu
236 677 336 731 tamen
350 671 431 730 hune
445 669 514 729 fieri
530 670 557 729 ai
570 671 678 748 mavis,
698 668 833 749 Regale,
854 671 1001 751 primum,

213 755 312 816 Unum
327 753 366 815 de
379 751 471 814 titulo
486 751 600 813 tollere
612 754 676 812 iota
687 760 786 833 poteo.

378 1176 423 1250 M.
444 1176 548 1249 VAL.
570 1177 821 1250 MARTIALIS

198 1482 212 1511 ι
292 1292 908 1443 urrouauurrou

493 1530 645 1598 LIBER
665 1530 714 1592 ill.

588 1717 611 1778 Ι.

175 1832 243 1893 Hoc
255 1831 314 1892 tibi
329 1828 477 1910 quidquid
488 1829 522 1891 id
536 1837 584 1893 eet
599 1831 774 1910 longinquis
788 1831 883 1891 mittit
893 1832 932 1892 ob
949 1835 1011 1898 oria

217 1913 316 1976 Gallia
328 1914 481 1975 Romanae
494 1918 617 1977 nomine
632 1916 713 1975 dicta
727 1922 827 1993 bogae.

173 1999 263 2059 Hune
275 1998 352 2076 legis
367 2005 400 2057 et
411 1997 515 2058 landas
529 1998 642 2059 librum
656 1997 787 2056 fortasse
800 2000 952 2076 priorem:

215 2081 269 2141 [lla
282 2077 332 2139 vol
346 2081 422 2140 haee
437 2099 505 2139 moa
519 2088 605 2160 suut,
626 2098 703 2160 quae
715 2079 843 2140 meliora
856 2089 954 2160 putae.

153 2162 248 2225 bl'lua
262 2181 334 2223 sane
347 2161 467 2242 placeat
482 2162 602 2224 domina
617 2166 668 2244 qui
684 2171 771 2225 natus
786 2165 818 2223 in
831 2167 908 2226 urbe
922 2172 985 2226 est:

215 2248 317 2307 Debet
332 2246 413 2306 enim
428 2245 550 2308 Gallum
562 2250 687 2309 vincere
701 2265 794 2310 verna
811 2247 900 2309 liber.

583 2382 619 2444 11.

174 2493 267 2553 Cuius
285 2494 329 2553 vio
345 2495 431 2571 fieri,
450 2492 574 2573 libelle,
595 2494 726 2555 munus?

52 2630 60 2647 x
172 2575 299 2637 Festina
312 2579 370 2637 tibi
382 2577 533 2638 vindicem
543 2597 670 2658 parare,

173 2658 220 2718 Ne
236 2661 353 2736 nigram
366 2663 428 2720 cito
443 2667 548 2740 raptus
562 2663 594 2721 in
609 2660 740 2723 culinam

175 2740 323 2819 Cordylas
337 2741 457 2802 madida
471 2749 556 2820 tegas
570 2763 686 2823 papyro

153 2822 236 2886 uvel
250 2825 327 2884 turis
341 2827 494 2904 piperisve
510 2827 552 2885 sis
566 2826 711 2888 cucullus.

173 2907 311 2967 Faustini
324 2909 404 2986 fugi·
419 2911 451 2968 in
468 2908 588 2968 sinum?
606 2911 720 2988 sapisti.

176 2990 278 3051 Cedro
294 3011 373 3051 nnnc
384 2991 459 3053 licet
474 2990 609 3052 ambulen
622 2999 789 3071 perunctus

173 3074 340 3135 nefrones
356 3077 475 3153 gemino
491 3074 605 3136 deceno
622 3077 741 3139 honore

176 3158 271 3219 Pictis
285 3157 449 3220 luxurieris
465 3158 632 3237 umbilicis,

135 3240 217 3302 uolat
232 3252 263 3302 te
276 3263 410 3323 purpura
424 3243 554 3305 delicata
567 3242 651 3303 velet

176 3325 217 3383 Iit
232 3345 322 3387 coeco
337 3329 446 3388 rubeat
459 3327 609 3406 superbus
623 3324 725 3387 index.

175 3405 232 3467 1110
246 3409 365 3471 vindice
380 3429 438 3471 neo
451 3411 584 3471 Probum
599 3410 713 3470 timeto.
