2264 3786
90 238 156 302 242.
405 234 798 329 ur,vnunnurmnrsw

43 433 48 441 ff
61 459 63 464 ,
215 377 331 448 Tristia
344 405 501 447 servorum
514 389 654 466 stigmata
668 386 753 448 delet
766 387 861 461 Eros3

171 470 423 532 Enterocelarum
432 471 537 532 fertur
550 470 722 532 Podalirius
736 471 882 531 Hermes:

216 556 275 632 Qui
288 560 375 615 sanet
389 561 496 635 ruptus
513 554 562 615 dic
574 557 666 634 mihi,
687 554 792 634 Galle,
811 555 879 633 quis
894 555 966 614 esi?

173 788 302 865 Argenti
315 785 427 855 libram
440 689 602 862 mittebaldl
611 689 702 848 Ilictu
715 786 830 848 selibra
844 792 909 864 est,

214 868 276 929 Sed
289 872 415 951 piperis.
444 872 537 932 'fanti
550 891 613 931 non
628 889 712 949 emo,
729 872 838 948 Sexte,
857 871 960 969 piper.

549 1003 653 1064 LVIII.

158 1097 303 1157 Anxuris
319 1099 464 1176 aequorei
476 1096 629 1178 placidos,
649 1098 816 1176 Frontine‚
836 1092 980 1160 recessus

212 1181 254 1239 nt
265 1183 391 1260 propina
404 1182 491 1241 Baias
506 1180 706 1259 litoreamque
721 1182 857 1260 domum,

171 1264 212 1322 Et
227 1263 307 1340 quod
322 1266 501 1325 inhumanae
516 1285 625 1325 cancro
639 1267 779 1326 fervente
796 1264 918 1327 cicadae

212 1346 280 1405 Non
294 1365 407 1410 novere
421 1367 543 1426 nemus,
564 1350 784 1427 flumineosque
798 1348 881 1409 lacus
950 1406 953 1411 ,

151 1429 250 1497 5Dum
266 1428 362 1509 colui,
384 1431 489 1491 doctas
502 1438 602 1492 tecum
617 1432 775 1492 celebrare
789 1435 914 1492 vacabat

211 1510 367 1593 Pieridas,
387 1533 467 1575 nunc
481 1535 537 1574 nos
552 1517 678 1575 munima
691 1517 786 1575 Roma
799 1517 884 1576 terit.

172 1596 231 1656 Hic
246 1598 320 1656 mihi
334 1598 453 1678 quando
468 1597 534 1658 dies
547 1617 632 1658 meus
647 1599 717 1658 est?
736 1601 882 1679 iactamur
898 1600 932 1659 in
946 1598 1010 1660 alta

213 1681 306 1741 Urbis
322 1683 399 1740 etin
416 1681 516 1741 sterili
531 1683 591 1741 vita
604 1681 710 1743 labore
725 1685 824 1762 perit,
879 1748 882 1755 ¹

16 1822 27 1829 ,
71 1778 77 1791 ‘
171 1763 253 1822 Dura
268 1764 432 1825 suburbani
446 1764 517 1824 dum
530 1767 639 1844 iugera
647 1768 797 1844 pascimus
811 1768 877 1844 agri

131 1858 165 1909 10
213 1847 398 1926 Vicinosque
412 1849 485 1926 tibi,
507 1855 610 1908 sancte
624 1850 767 1926 Quirine,
786 1847 878 1908 lares.

172 1929 234 1988 Sed
250 1949 310 1989 non
325 1931 406 1991 aolus
421 1937 499 1990 amai
514 1933 565 2010 qui
578 1940 668 1992 nocte
685 1932 795 2011 dieque
809 1933 989 2012 frequentat

212 2012 345 2091 Limina,
365 2032 423 2073 nec
434 2019 533 2074 vatem
546 2013 620 2074 talia
633 2014 740 2074 damna
753 2015 875 2080 decent.

171 2094 233 2153 Per
246 2096 419 2156 veneranda
433 2097 507 2156 mihi
520 2098 676 2157 Musarum
689 2119 788 2178 saera,
808 2117 866 2180 per
882 2114 989 2159 omnes

212 2177 281 2237 luro
296 2177 386 2258 deos,
405 2179 441 2240 'et
454 2197 518 2239 non
531 2180 683 2241 officiosus
698 2202 772 2243 amo.

562 2313 637 2378 LIX.

173 2413 356 2490 Consumpta
371 2417 418 2471 est
431 2430 491 2471 unc
507 2412 533 2470 si
547 2409 691 2471 lemmate
702 2412 825 2492 pagina,
844 2414 959 2472 transis

212 2495 253 2555 ut
266 2496 406 2555 breviora
419 2496 492 2573 tibi,
510 2514 575 2555 ncn-
585 2493 713 2555 meliora
725 2495 856 2574 placent.

166 2578 262 2638 Dives
278 2583 362 2637 etex
377 2580 457 2639 omni
471 2580 571 2658 posita
585 2587 633 2638 est
644 2579 793 2638 instructa
807 2577 938 2639 macello

216 2663 299 2721 Cena
313 2663 385 2739 tibi,
407 2661 462 2721 sed
477 2668 509 2721 te
523 2668 636 2722 mattea
652 2660 715 2723 aula
727 2663 817 2721 iuvat.

33 2806 37 2813 ,
150 2743 239 2804 5Ncn
254 2763 328 2822 opus
345 2746 493 2825 estpnobia
507 2746 631 2805 nimium
644 2744 764 2804 lectore
778 2743 902 2823 galcam

213 2827 303 2886 Hunc
316 2825 402 2905 volu,
423 2846 485 2887 non
501 2828 555 2888 fiat
571 2829 624 2907 qui
638 2830 704 2888 sine
717 2847 796 2909 panc
811 2835 905 2889 satur.

564 2960 630 3031 Lx.
670 2956 672 2965 “

169 3057 238 3117 lura
256 3026 348 3116 trium
360 3057 451 3136 petiit
464 3075 481 3114 a
496 3056 626 3117 Caesare
641 3055 859 3138 discipulcrmn

213 3141 361 3202 Assueius
376 3158 496 3220 semper
509 3141 624 3201 Munna
640 3141 753 3201 docere
766 3139 850 3200 duas.

557 3274 634 3335 LXI.

158 3371 223 3432 Hic
239 3371 390 3434 festinata
402 3370 573 3453 requiescit
582 3369 718 3430 Erucium
726 3370 852 3444 umbra„

171 3456 342 3545 'Crimine
359 3479 455 3542 quam
469 3458 529 3521 fati
544 3460 634 3518 senia
644 3450 910 3534 peremiiibema
