2264 3786
281 195 616 281 urroummmmra
630 198 705 261 um.
718 199 765 281 qu.

491 400 568 464 xffl.

97 511 176 572 Dum
189 530 252 572 non
265 512 310 571 vis
324 512 442 591 pisces,
463 509 534 572 dum
547 528 610 572 non
624 513 672 572 vis
684 529 812 592 carpere
825 512 928 593 pullos

135 596 177 655 Et
190 591 364 676 plusquam
376 596 476 674 putri,
497 596 626 674 Naevia,
646 596 746 676 paucis
761 615 852 676 apro,

94 680 228 739 Accusas
240 678 417 758 rumpisque
435 697 556 758 cocum,
576 686 719 758 tanquam
732 678 832 739 omnia
847 679 940 741 cruda
1064 739 1067 744 .

136 760 297 823 Attulerit.
324 762 483 841 Nunquam
498 763 542 822 sie
558 780 615 842 ego
630 761 741 823 crudus
755 774 818 823 ero.

482 921 562 986 x1v.
654 938 658 955 ¹

96 1037 219 1097 Romam
233 1036 361 1116 petebat
374 1035 508 1095 esuritor
522 1035 655 1098 Tuccius
710 1066 714 1073 ·
821 1056 825 1064 ·

136 1117 299 1180 Profectus
314 1135 352 1179 ex
367 1118 523 1198 Hispania.

94 1203 238 1265 Occurrit
250 1200 299 1262 illi
311 1200 519 1281 sportularum
532 1200 649 1264 fabulas

135 1289 163 1347 A
175 1292 271 1369 ponte
286 1285 381 1346 rediit
393 1285 520 1349 Mulvio.
637 1360 639 1367 Ι

489 1447 556 1512 XV.

94 1574 168 1635 Plus
186 1572 288 1655 credit
300 1595 390 1639 nemo
403 1596 494 1657 quam
506 1584 573 1640 tota
586 1579 706 1641 cordus
718 1581 752 1641 in
765 1582 850 1642 urbe.

135 1659 235 1737 „Cum
250 1660 292 1720 sit
305 1667 367 1722 tam
379 1680 514 1743 pauper,
537 1663 687 1742 quomodo
694 1664 737 1745 ‘l‘f
760 1665 877 1726 caecus
892 1673 978 1726 amat.

483 1823 563 1888 ιιι.
616 1792 621 1811 ’“

92 1935 153 1994 llas
168 1932 371 2017 gladiatores,
392 1942 529 1997 sutorum
543 1933 669 2016 regule,
692 1935 801 2017 cerdo,

135 2016 286 2097 Quodque
299 2020 358 2080 tibi
371 2021 481 2080 tribuit
496 2020 618 2100 subula,
633 2019 701 2081 sica
713 2024 805 2102 rapit.
905 2060 910 2077 .

92 2102 205 2162 Ebrius
220 2120 269 2162 es:
288 2120 390 2181 neque
405 2104 486 2163 euim
499 2104 620 2165 faceres
632 2106 694 2165 hoc
708 2108 828 2167 sobrius
847 2126 993 2188 unquam,

134 2186 177 2246 Ut
189 2184 286 2246 velles
301 2187 386 2247 corio
398 2186 523 2265 ludere,
545 2187 656 2266 cerdo,
676 2194 739 2251 tuo.

71 2269 209 2330 5Luaisti
222 2271 322 2330 corio:
343 2267 399 2331 sed
411 2278 461 2351 te,
481 2272 681 2349 mihicrede,
701 2280 855 2334 memento

134 2352 222 2413 Nunc
235 2354 269 2413 in
281 2350 445 2435 pellicula,
467 2353 579 2434 cerdo,
598 2363 709 2431 tenere
723 2361 783 2416 tua.

297 2504 571 2596 Hhxvu.

93 2643 277 2706 Circumlata
294 2645 345 2708 diu
359 2649 473 2708 mensis
487 2644 624 2707 scriblita
638 2643 780 2707 secundi·
844 2644 846 2649 ’
894 2699 902 2710 ,

133 2730 251 2790 Urebat
264 2731 359 2793 nimio
374 2749 462 2792 saeva
476 2729 579 2791 calore
592 2747 714 2806 mauus3
831 2770 834 2775 -

93 2811 156 2872 Sed
171 2815 266 2891 magis
278 2813 405 2895 ardebat
419 2814 524 2876 Sabidi
538 2812 623 2895 gula:
642 2814 782 2895 protinus
797 2831 870 2890 ergo
931 2870 933 2874 Α

135 2896 275 2957 Sufflavit
288 2899 393 2969 buccis
406 2905 517 2978 terque
533 2906 702 2978 quaterque
715 2899 786 2958 suis.

72 2978 150 3039 ailla
165 2979 289 3059 quidem
303 2983 405 3062 tepuit
418 2981 593 3062 digitosque
607 2979 771 3041 admittere
785 2980 849 3040 visa
863 2984 926 3053 est,

135 3063 197 3124 Sed
210 3084 300 3126 nemo
314 3067 415 3146 potuit
427 3072 572 3147 tangere:
595 3063 700 3125 merda
714 3062 781 3123 fuit.

469 3227 576 3290 xvfll.

93 3335 276 3400 Perfrixisse
290 3346 358 3400 tuas
373 3346 480 3419 questa
492 3345 540 3400 est
552 3340 702 3420 praefatio
717 3338 830 3397 fauces.

135 3422 212 3483 Cum
224 3429 257 3484 te
272 3426 442 3503 excusaris,
463 3424 611 3503 Maxime,
633 3420 706 3502 quid
719 3419 853 3481 recitas?

979 248 981 252 ι
998 201 1039 265 63
