2264 3786
201 232 208 255 i
292 193 625 258 EPIGRAMMATON
638 195 712 257 nie.
728 195 792 258 Vll.
995 191 1056 259 157

488 397 596 462 XXIX.

114 516 282 596 Thestyle‚
303 516 439 580 Victoris
452 522 638 576 tormentum
653 514 744 576 dulce
758 516 894 598 Voconi,
956 583 960 593 ¹
1028 588 1033 602 x
1110 542 1113 554 ·

155 602 221 676 Quo
235 619 325 661 nemo
341 607 390 659 ent
405 607 470 660 tota
484 602 586 660 notior
600 602 677 660 urbe
691 618 784 681 puer,

112 684 163 743 Sic
178 686 269 744 etiam
280 685 392 763 positia
407 683 558 743 formosus
572 702 674 743 amere
690 682 811 764 capillis

152 767 194 827 Et
206 765 328 848 placeat
341 768 403 826 vati
417 764 503 828 nulla
517 763 622 847 puella
636 774 708 841 tuo;

88 850 273 931 5Pauliaper
287 850 402 911 domiui
416 848 523 909 doctoo
536 866 652 929 sepone
667 847 806 928 libellos,

59 986 62 989 .
154 935 296 994 Carmina
308 934 428 997 Victori
443 932 512 993 dum
526 931 595 1011 lego
610 953 702 1013 parva
714 941 778 995 tuo.

112 1017 153 1077 nt
166 1017 343 1078 Maecenati
356 1016 446 1077 Maro
461 1035 529 1076 cum
544 1023 683 1077 cautaret
696 1015 824 1096 Alexin,

152 1101 231 1161 Nota
242 1106 346 1161 tamen
360 1099 457 1161 Marci
470 1100 556 1161 furca
569 1099 720 1161 Melaenis
734 1107 810 1161 erat.

495 1225 590 1294 XXX

110 1343 170 1403 Duo
184 1342 323 1422 Parthia,
346 1341 400 1402 dan
413 1343 590 1422 Germania,
612 1342 681 1422 daa,
703 1342 823 1421 Caelia,
843 1344 949 1422 Dacia,

150 1426 216 1486 Nec
230 1425 360 1486 Cilicum
375 1429 495 1507 spernis
509 1425 781 1511 Cappadocumque
797 1433 897 1502 toroc3

110 1510 150 1568 ln
163 1509 224 1575 tibi
237 1508 276 1569 de
290 1509 401 1569 Pharia
414 1510 632 1591 Memphiticus
645 1512 722 1570 urbe
737 1512 855 1570 fututor

46 1634 48 1639 .
151 1592 295 1671 Navigat,
318 1595 452 1653 arubrin
466 1600 500 1653 et
512 1595 601 1672 niger
615 1593 707 1654 luduo
720 1595 824 1672 aquio3

90 1675 177 1735 5Nee
189 1676 391 1736 recutitorum
405 1674 486 1756 fugis
499 1678 624 1756 inguina
637 1677 834 1754 ludaeorum,

151 1759 215 1818 Neo
229 1764 262 1819 te
277 1759 445 1820 Sarmatico
459 1761 571 1820 transit
585 1758 701 1820 Alanus
715 1778 803 1839 equo.

110 1844 175 1917 Qua
190 1843 311 1902 ratione
325 1843 418 1921 facio,
439 1862 507 1902 eum
522 1845 563 1903 sio
577 1843 712 1903 Romana
724 1839 843 1922 puella,

151 1923 239 2001 Quod
252 1925 387 1987 Romana
400 1927 458 1986 tibi
470 1924 606 1987 mentula
621 1925 706 1986 nulla
719 1925 844 2006 placet?

486 2059 593 2121 XXXI.

110 2169 230 2228 Raucae
244 2170 362 2230 chortis
377 2190 447 2231 area
461 2179 494 2232 et
507 2192 562 2232 ora
575 2179 705 2232 matrum

23 2290 25 2295 ,
108 2252 149 2310 Et
162 2249 368 2313 flavatimedio
382 2273 496 2335 vapore
511 2256 619 2333 Chiae,

108 2335 150 2393 Et
162 2336 259 2395 fetum
275 2337 423 2414 querulae
436 2339 544 2398 rudem
560 2335 713 2418 capellae,

108 2418 173 2476 Nec
188 2420 249 2478 iam
263 2416 430 2498 frigoribus
444 2440 535 2500 pareo
550 2420 660 2497 olivas,

87 2501 151 2561 uin
165 2521 271 2562 canum
281 2501 396 2582 *gelidis
411 2502 479 2565 olus
492 2505 611 2585 pruinis

107 2584 154 2643 De
168 2594 275 2645 nostro
289 2588 347 2647 tibi
361 2589 452 2647 missa
465 2605 538 2647 rure
553 2584 676 2647 credin?

109 2667 135 2725 0
150 2688 254 2747 quam,
271 2668 416 2749 Regulo,
428 2668 595 2749 diligenter
609 2670 710 2729 erras!

106 2749 158 2810 Nil
174 2754 287 2832 nostri,
307 2755 448 2832 nisime,
469 2754 576 2814 ferunt
588 2751 690 2832 agelli.

108 2833 268 2913 Quidquid
278 2836 387 2898 uilicus
404 2838 520 2898 Umber
535 2845 586 2900 aut
602 2837 749 2913 Calenus,

65 2918 168 2979 lodut
181 2918 274 2979 Tusci
288 2922 346 2980 tibi
361 2921 526 2982 Tusculive
538 2923 678 2998 mittunt,

107 3002 169 3060 Aut
182 3021 235 3062 ruo
248 3023 401 3065 marmore
414 3007 509 3066 tertio
523 3010 676 3082 notatum,

105 3083 140 3144 ld
154 3092 219 3145 tota
237 3088 458 3163 mihiuaocitur
473 3089 599 3150 Subura.
624 3117 625 3120 ¹

476 3221 596 3283 xxxo.
687 3197 689 3200 ‘

105 3334 225 3413 Attice,
241 3335 390 3397 iucundae
402 3337 532 3398 renovas
545 3339 599 3417 qul
611 3308 732 3396 nomina
745 3337 847 3414 gentio

115 3432 118 3437 ·
147 3419 211 3478 Neo
225 3421 300 3480 siuio
313 3421 468 3498 ingentem
483 3422 666 3482 conticuisse
680 3419 817 3500 domum,
865 3460 871 3473 1
