2264 3786
412 214 415 219 ’
443 201 487 264 Μ’.
502 201 593 264 VAL.
610 201 833 263 MARTIALIS

179 363 195 414 5
208 316 386 432 Deprendat
400 370 492 411 vacuo
505 356 631 412 venator
644 354 677 412 in
692 355 762 413 edre
775 354 935 432 praedam,

252 436 285 497 Si
301 441 425 514 captare
438 436 521 495 feras
536 437 660 514 aucupis
673 442 739 495 arte
752 438 862 516 placet.

207 651 292 711 Inter
307 651 477 711 Caesareae
491 648 668 710 discrImina
682 669 770 710 saeva
784 651 897 711 Dianae

247 734 381 794 Finisset
395 732 546 811 gravidam
558 753 625 794 cum
639 731 716 793 levis
730 724 817 794 hastis
830 753 930 813 suem,

205 817 321 878 Exiluit
334 824 440 897 partus
454 818 584 876 miserae
599 816 638 876 de
652 815 780 877 vulnere
792 819 906 879 matris.

249 901 274 961 0
288 900 404 960 Lucius
417 899 523 977 ferox,
540 900 599 958 hoc
612 900 771 978 peperisse
783 901 863 959 fuit?
916 960 919 971 ,

183 983 352 1046 5Pluribus
367 981 422 1043 illa
435 983 513 1041 mori
527 980 673 1043 voluisset
687 984 788 1043 saucia
800 982 889 1062 telis,

248 1067 394 1128 Omnibus
409 1073 443 1125 ut
456 1067 536 1125 natis
550 1067 641 1125 triste
657 1073 780 1146 pateret
794 1068 864 1127 iter.

123 1174 126 1183 ¹
206 1152 280 1228 Quis
295 1154 388 1227 negat
402 1167 470 1208 esse
486 1155 582 1208 ratum
595 1154 733 1209 materno
748 1150 858 1210 funere
875 1153 1048 1212 Bacchum?

248 1233 299 1293 Sic
314 1234 450 1311 genitum
463 1250 575 1292 numen
590 1231 726 1292 credite:
747 1240 818 1292 nata
832 1235 900 1295 iera
914 1245 970 1295 est.

591 1352 668 1414 XIII.
711 1406 714 1415 ,

204 1451 268 1510 Icta
281 1449 366 1528 gravi
378 1450 443 1510 telo
461 1440 662 1528 c'onfcssaqnc
676 1449 803 1510 vulnere
818 1457 914 1508 mater

248 1533 306 1592 Sus
321 1533 441 1612 pariter
451 1534 543 1593 vitam
558 1532 695 1612 perdidit
709 1540 800 1612 atque
815 1532 909 1592 dedit.

204 1616 229 1676 0
247 1635 335 1694 qnam
350 1623 435 1676 certa
449 1616 509 1676 fnit
522 1615 634 1676 librato
651 1615 777 1677 dextera
792 1617 892 1675 ferro!

246 1700 334 1759 Hanc
350 1717 406 1777 ego
420 1699 553 1759 Lucinae
570 1699 664 1759 credo
678 1700 773 1761 fuisse
787 1719 915 1759 manum.

160 1848 164 1855 ,
180 1783 339 1862 5Experta
359 1789 407 1842 est
420 1801 531 1842 numen
546 1785 680 1843 moriens
692 1785 851 1861 utriusque
865 1776 995 1859 Dianae,

244 1869 372 1945 Quaque
388 1864 488 1926 soluta
499 1886 611 1947 parens
627 1885 745 1946 quaque
759 1872 919 1947 perempta
932 1867 1001 1926 fera
1013 1875 1069 1926 est.

589 1983 669 2044 XIV.

204 2080 262 2139 Sus
276 2081 344 2140 fera
357 2082 417 2140 iam
431 2081 553 2159 gravior
566 2083 678 2140 maturi
693 2083 822 2160 pignore
836 2084 953 2142 ventris

122 2177 126 2189 ·
243 2164 354 2223 Emisit
368 2165 481 2241 fetum,
503 2162 629 2224 vulnere
642 2165 724 2224 facta
737 2184 866 2244 parcns3

119 2272 124 2277 ·
201 2246 266 2306 Nec
279 2248 372 2306 iacuit
385 2253 506 2328 partus,
527 2246 582 2306 sed
596 2254 692 2307 matre
707 2247 836 2309 cadente
851 2251 995 2310 cucurrit.

245 2329 271 2389 0
286 2337 431 2410 quantum
446 2337 494 2390 est
507 2332 615 2391 subitis
632 2333 749 2393 casibus
763 2333 932 2412 ingenium!

597 2449 664 2512 XV.

203 2545 324 2606 Summa
337 2553 425 2625 tuae,
447 2545 624 2626 Meleagre‚
645 2548 705 2608 fuit
720 2566 797 2627 quae
812 2546 908 2626 gloria
923 2547 1035 2625 famae,

245 2631 397 2706 Quantum
411 2634 474 2690 est!
503 2632 695 2711 Carpophori
709 2633 810 2711 portio
824 2631 909 2690 fusus
925 2649 1008 2710 aper.

202 2711 260 2772 Ille
275 2721 308 2773 et
320 2714 482 2793 praecipiti
499 2714 646 2774 venabula
660 2713 798 2774 condidit
812 2733 899 2791 urso,

244 2796 364 2856 Primus
377 2798 410 2856 in
424 2798 533 2858 Arctoi
547 2801 599 2878 qni
612 2798 672 2857 fuit
686 2816 756 2856 arce
770 2795 851 2876 poli,
935 2826 940 2834 «

179 2878 317 2940 dstravit
331 2887 364 2939 ct
375 2881 479 2959 ignota
494 2879 691 2962 spectandum
706 2879 787 2939 mole
803 2880 941 2957 leonem,

244 2963 413 3024 Herculeas
426 2967 528 3044 potuit
542 2967 593 3043 qui
608 2962 747 3023 decuisse
762 2983 883 3041 manus,

199 3047 240 3107 Et
252 3046 406 3107 volucrem
419 3046 511 3126 lengo
527 3048 666 3126 porrexit
678 3045 804 3107 volnere
819 3046 955 3127 pardum.

244 3131 383 3192 Praemia
400 3151 467 3190 cnm
482 3126 605 3190 tandem
619 3131 735 3208 ferret,
755 3130 852 3190 adhuc
865 3135 998 3210 poterat.

595 3248 675 3310 XVI.

190 3345 318 3425 xRaptus
333 3346 396 3407 abit
409 3345 509 3407 media
524 3345 658 3426 quodad
672 3349 797 3409 aethera
811 3355 915 3410 taurus
929 3349 1059 3426 harena5
1115 3416 1118 3421 ¹

242 3430 309 3489 Non
324 3431 383 3490 fuit
396 3431 455 3492 hoc
470 3432 562 3510 artis,
582 3431 639 3492 sed
653 3432 776 3512 pietatis
791 3452 883 3513 opus..
