2264 3786
255 247 680 312 nnoaauuauonnn.
693 247 770 311 nn.
880 264 884 270 ·
957 247 1020 313 ms
1112 322 1114 329 Ι

369 450 443 510 cxl
463 449 643 513 Falernum.

78 566 123 624 De
139 563 333 623 Sinuessanis
347 568 498 640 venerunt
512 563 643 622 Massica
655 560 785 642 pinalis:

120 646 251 708 Condita
265 665 324 724 quo
339 647 461 725 quaeris
475 645 621 706 consule?
651 644 760 706 Nullus
773 652 855 709 erat.

365 778 465 842 .cx11.
486 778 643 839 Setinum*

69 876 215 954 =Pendula
227 877 405 956 Pomptinos
421 893 497 954 quac
512 880 631 955 spectat
647 875 732 936 Setia
746 895 898 958 campos.

118 962 233 1039 Exigua
245 958 365 1020 vetulos
379 961 464 1020 misit
477 962 513 1019 ab
528 960 604 1019 urbe
619 958 719 1024 cados.

345 1092 447 1153 cxlii.
469 1076 667 1154 Blendanum.

76 1193 160 1252 Haec
174 1190 322 1252 Fundana
331 1190 410 1251 ‘tulit
423 1189 499 1250 felix
512 1196 688 1249 auctumnus
703 1187 813 1267 Opimi.

117 1277 277 1355 Expressit
290 1283 421 1334 mustum
434 1272 541 1333 consul
555 1281 588 1332 et
600 1275 667 1352 ipse
679 1273 766 1335 bibit.
886 1294 890 1299 ·

341 1406 447 1470 CXIV.
475 1405 670 1483 Ilisoh'num.

75 1505 144 1565 Non
159 1524 223 1564 ιιιιιι
238 1503 408 1584 deprimo,
429 1503 545 1580 fateor,
566 1501 703 1561 trifolius
716 1500 835 1580 Lyaeo,

117 1589 200 1648 Inter
214 1589 283 1648 vinu
296 1595 398 1647 tamen
411 1588 540 1666 septima
555 1586 625 1650 vitis
640 1603 704 1666 ero.

356 1719 448 1783 CXV.
474 1719 654 1780 Caecubum.

76 1820 217 1880 Caecuba
228 1816 384 1878 Fundanis
400 1835 548 1896 generosa
562 1822 709 1876 cocuntur
723 1816 873 1896 Amyclis,

118 1903 199 1999 Vitis
214 1908 246 1962 et
260 1903 292 1961 in
305 1899 490 1961 media'nata
504 1899 614 1980 palude
628 1901 716 1959 viret.
746 1932 748 1936 ⁴

354 2034 459 2096 CXVI.
479 2034 652 2115 Signinum.

74 2133 199 2193 Potabis
211 2131 360 2210 liquidum
375 2132 498 2210 SIgnina
513 2133 661 2191 morantia
673 2138 821 2192 ventrem.

116 2217 161 2276 Ne
177 2217 441 2294 uitulaminum,
463 2217 504 2276 sit
518 2217 576 2275 tibi
591 2235 683 2296 parca
697 2217 774 2276 sitis.
839 2206 846 2225 '

313 2349 442 2411 ‘cxvii
464 2349 692 2411 Mamerta'nnm.

76 2448 232 2527 Amphora
245 2445 397 2506 Nestorea
410 2446 468 2506 tibi
482 2446 667 2506 Mamertina
683 2449 807 2503 senecta

118 2531 152 2590 Si
167 2530 273 2608 detur,
293 2528 545 2617 quodvisnomen
557 2529 673 2587 habere
685 2532 800 2608 potest.

305 2662 435 2731 CXVIII.
465 2661 704 2742 Tarraconense.

77 2761 231 2839 'larraco‚
252 2760 406 2840 Campano
420 2764 537 2819 tantum
551 2777 674 2818 cessura
689 2759 809 2837 Lyaeo,

116 2846 201 2905 Haec
217 2845 323 2923 genult
336 2843 447 2927 Tuscis
461 2842 578 2925 aemula
590 2843 659 2902 vina
674 2841 766 2905 cadis.

276 2968 283 2991 '
328 2977 432 3039 cxlx.
456 2973 691 3039 Nomentanum.

74 3076 103 3135 N
105 3080 265 3135 omentana
279 3093 379 3135 mcum
392 3075 449 3135 tibi
467 3073 519 3135 dat
532 3072 682 3133 vindemia
695 3073 861 3131 Bacchum:
941 3105 943 3109 <
1070 3070 1072 3076 ‘

119 3159 198 3219 Sita
213 3158 343 3234 Quintus
361 3163 454 3236 amat,
476 3155 679 3216 commodiora
692 3155 788 3215 bibes.

351 3291 441 3351 CXX.
463 3289 665 3371 Spoletium.

72 3389 122 3447 De
135 3386 303 3465 Spoletinis
316 3406 399 3468 quaa
415 3395 488 3450 sunt
502 3388 624 3449 cariosa
632 3364 763 3469 lagonis
961 3378 964 3382 “

69 3514 78 3566 2
103 3468 272 3577 mulcens,
296 3473 431 3552 quamsi
449 3467 840 3537 mustal'nleunalliulnus.
1027 3430 1068 3552 ,Ι
