2264 3786
110 186 174 277 aar
427 185 814 250 nvmuununms

570 338 680 400 xxm
693 349 720 425 Ι·

195 438 290 511 Quam
304 436 377 495 mihi
392 437 534 495 mittebas
549 436 672 495 Saturni
684 431 830 516 tempor‘e'·
839 434 980 513 lancem,

224 520 348 593 ¹illinisti
365 518 520 595 dominae,
543 519 726 596 Sextilium,
747 522 835 593 toue3

193 604 234 662 Et
249 622 337 680 quum
351 601 483 662 donabas
499 602 588 662 dictis
604 623 620 662 a
633 603 738 664 Marte
752 601 913 679 Kalendis,

235 686 281 746 De
297 691 403 745 nostra
416 686 539 765 prasina
551 694 600 746 est
614 687 767 765 synthesis
782 693 883 766 empta
895 694 977 766 toga.

173 768 255 830 51nm
269 775 410 828 constare
424 770 482 828 tibi
496 771 590 846 gratis
605 788 736 870 coepere
751 768 886 850 puellae:

236 852 416 911 Muneribus
430 853 540 931 futuis,
563 852 745 931 Sextilium,
766 854 850 913 meis.

196 1086 221 1143 0
235 1087 425 1161 temperatae
440 1079 531 1142 dulce
544 1082 685 1143 Formiae
698 1081 788 1162 litus,
849 1096 851 1100 “

195 1168 276 1243 Vos,
295 1185 362 1224 cum
375 1166 475 1226 severi
492 1165 571 1243 fugit
585 1165 729 1246 oppidum
743 1167 853 1227 Mortis

194 1250 236 1309 Et
248 1248 514 1326 iuquietasfessus
527 1251 611 1309 exuit
625 1269 727 1326 curasq

195 1329 383 1411 Apollinaris
397 1334 535 1392 omnibus
548 1329 625 1392 locis
639 1333 786 1413 praefert.
808 1365 810 1369 ν
929 1370 933 1380 ·

172 1416 264 1478 5Non
277 1412 334 1474 ille
349 1420 472 1474 sauctae
486 1414 575 1476 dulce
590 1417 688 1476 Tibur
702 1416 820 1495 uxoris,

135 1540 143 1557 ,
193 1499 258 1558 Nee
273 1497 460 1558 Tusculanos
473 1498 637 1577 Algidosve
652 1517 805 1577 secessus,

194 1583 363 1642 Praeneste
377 1600 436 1641 nec
449 1583 493 1642 sie
508 1584 692 1662 Antiumque
706 1584 842 1644 miratur.

194 1666 264 1724 Non
275 1663 387 1725 blanda
398 1658 492 1726 'Circe
507 1666 692 1726 Dardanisve
707 1664 814 1726 Ca'ieta
865 1660 870 1677 '

194 1748 432 1827 Desiderautur',
452 1767 511 1810 nec
524 1750 641 1810 Marica
654 1767 713 1808 nec
728 1748 843 1827 Liriss

154 1833 259 1894 10Nec
272 1833 305 1892 iu
318 1832 451 1892 Lucrina
462 1831 528 1893 lota
541 1831 684 1893 Salmacis
697 1850 782 1894 vena.
920 1898 927 1912 Ἴ,

195 1917 255 1989 Hic
270 1935 384 1976 summa
395 1913 461 1976 leni
473 1917 636 2001 stringitur
650 1915 761 1976 Thetis
774 1920 882 1990 uento;
1008 1963 1011 1971 .

196 2000 260 2059 Nec
273 1998 399 2077 languet
413 2017 545 2078 aequor,
562 2001 627 2075 viva
641 1998 696 2058 sed
711 1997 797 2078 quies
813 2001 902 2080 ponti
954 2021 957 2027 ¹

194 2083 311 2142 Pictam
323 2079 472 2163 phaselon
487 2079 646 2141 adiuvante
659 2083 723 2142 fert
736 2102 826 2165 aura,

198 2168 284 2225 Sicut
295 2163 418 2244 puellae
433 2183 495 2224 nou
510 2167 636 2224 amantis
650 2170 797 2225 aestatem

156 2261 189 2311 15
196 2250 282 2309 Mota
296 2246 418 2308 salubre
433 2268 568 2328 purpura
581 2250 664 2308 venit
679 2249 785 2327 frigus.
867 2289 872 2309 .

197 2333 261 2391 Nec
277 2338 342 2391 seta
353 2329 447 2410 longo
465 2333 585 2411 quaerit
596 2332 629 2391 in
642 2333 718 2390 mari
732 2330 892 2412 praedam,

197 2415 259 2475 Sed
274 2433 292 2474 e
307 2415 424 2475 cubiclc
440 2414 615 2494 lectuloque
629 2416 770 2475 iactatam

198 2501 360 2578 Spectatus
375 2498 436 2558 alte
450 2497 563 2559 lineam
576 2498 672 2558 trahit
685 2499 787 2578 piscis.

197 2583 230 2641 Si
245 2581 364 2660 quando
378 2580 497 2642 Nereus
509 2584 604 2642 sentit
616 2580 706 2665 Aeoli
719 2599 863 2660 reguum,

156 2665 290 2730 uoRidet
302 2661 456 2744 proeellas
470 2672 535 2726 tuta
549 2665 588 2725 de
603 2686 656 2726 suo
671 2683 783 2726 mensa.

197 2748 318 2809 Piscina
331 2748 491 2809 rhombum
504 2750 602 2829 pascit
615 2756 648 2809 et
660 2747 750 2829 lupos
764 2765 889 2826 vernes,

197 2831 289 2892 Natat
302 2829 341 2891 ad
354 2831 529 2909 magistrum
545 2831 675 2892 delicata
689 2849 849 2905 muraeua;

197 2911 435 2976 Nomenculator
449 2914 592 2992 mugilem
608 2916 682 2974 citat
699 2921 804 2974 notum

197 3001 239 3060 Et
252 2998 361 3059 adesse
378 2999 452 3058 iussi
465 2995 618 3077 prodeunt
632 3015 721 3057 senes
735 2997 830 3062 molli.

57 3112 63 3128 ·
157 3095 191 3148 25
198 3082 274 3145 Frui
287 3082 344 3143 sed
357 3083 424 3141 istis
439 3079 577 3161 quando,
598 3081 709 3159 Roma,
729 3081 907 3161 permittis?

198 3169 280 3244 Quot
292 3167 471 3249 Formianos
485 3168 614 3245 imputat
626 3163 692 3223 dies
707 3183 802 3224 annus

197 3251 371 3329 Negotiosis
385 3252 478 3311 rebus
491 3250 576 3309 urbis
589 3246 752 3308 haerenti?

200 3334 226 3394 0
240 3335 387 3394 ianitores
399 3331 544 3412 vilicique
557 3329 684 3393 felices!

199 3418 335 3478 Dominis
346 3423 494 3499 parantur
506 3418 580 3497 ista,
602 3415 739 3477 serviunt
751 3416 846 3478 vobis.
