2264 3786
119 189 180 289 ico
405 187 410 281 Ϊ
434 222 479 299 ou
496 174 586 323 vnn
602 220 823 283 mannus

182 541 293 600 Pater
309 558 346 599 ex
359 536 511 616 Marulla,
524 539 648 620 Cinna,
666 489 765 602 factus
776 559 815 602 cc
829 547 949 622 ceptam

200 623 269 684 Non
280 622 460 684 liberorum:
481 642 609 702 namquo
625 643 683 686 neo
696 631 766 685 tnoo
779 626 953 705 quiequam,

200 707 266 766 Neo
279 715 327 768 eat
339 706 427 768 amica
418 706 599 767 ''filiusve
571 711 679 787 vicini,

202 789 310 850 Satin
324 790 456 869 grabatis
470 793 685 871 tegetibusque
700 794 842 892 concepti

178 874 341 936 5Materna
353 872 487 952 produnt
501 876 648 954 capitibus
663 876 725 934 auis
738 875 828 935 furta.

199 959 274 1034 Hic,
296 958 348 1035 qni
361 962 480 1015 retorto
495 957 580 1018 crine
594 957 720 1018 Maurus
733 957 865 1037 incedit,
967 1003 971 1008 2

201 1037 345 1100 Subolem
358 1038 473 1098 fatetur
487 1057 555 1099 ecoe
570 1059 603 1101 ae
618 1039 836 1102 coc1'.Santrae

100 1160 105 1175 ι
199 1125 242 1183 nt
256 1121 349 1182 ille'
324 1142 399 1182 anno
410 1139 503 1207 nare,
524 1123 654 1203 turgidis
668 1122 780 1202 labris,

200 1207 268 1285 Ipsa
282 1213 330 1266 est
343 1207 440 1284 imago
447 1202 611 1286 Pannychi
624 1205 831 1288 palaestritae.

159 1289 329 1354 10Piatoria
343 1308 411 1349 esse
425 1291 551 1350 tertium
568 1292 635 1371 quio
649 1291 788 1371 ignorat,

202 1362 380 1452 Quicunque
392 1371 509 1452 lippum
523 1376 608 1434 novit
621 1381 654 1434 et
666 1373 751 1434 ridet
764 1373 910 1435 Damam?

90 1488 94 1499 ι
115 1497 118 1505 »
202 1457 333 1532 Quartus
347 1453 473 1516 cinaeda
487 1457 606 1537 fronte,
628 1456 756 1517 candido
771 1454 871 1535 voltu,

200 1540 246 1600 Ex
261 1541 428 1600 concubino
442 1546 530 1600 natus
544 1541 663 1600 esttibi
675 1540 797 1620 Lygdo.

200 1622 371 1683 Percide
347 1643 372 1683 nr
387 1624 449 1700 vis,
469 1622 580 1684 filium:
602 1622 689 1684 nefas
702 1644 763 1684 non
778 1629 834 1684 eat.

160 1707 376 1769 intimavero
392 1711 479 1767 acuto
494 1710 594 1789 capite
611 1714 644 1768 et
658 1709 780 1769 auribus
793 1706 960 1788 Ιοιιςίε,ι

201 1790 324 1868 Quae
299 1810 343 1850 sic
357 1796 532 1869 moventur,
554 1798 588 1852 nt
602 1789 705 1852 nolent
719 1788 900 1868 asellorum,

202 1874 276 1949 Quis
289 1875 435 1935 morionis
449 1874 545 1934 filium
557 1881 650 1953 negat
665 1874 800 1954 Cyrtae?

200 1957 285 2016 Duae
300 1975 438 2031 sorores,
458 1957 511 2016 illa
524 1960 610 2038 nigra
623 1959 744 2018 ethaeo
758 1958 844 2035 rufa,

203 2040 290 2100 Croti
305 1999 466 2099 choraulae
480 2030 622 2120 vilicique
637 2046 707 2100 aunt
722 2041 823 2120 Carpi.

160 2123 320 2201 nolamque
335 2120 522 2182 hibridarum
536 2142 610 2202 grex
624 2125 681 2184 tibi
694 2116 778 2184 foret
791 2120 920 2204 plenus,
1047 2143 1052 2150 ·

203 2204 236 2265 Si
248 2204 342 2285 spado
358 2207 491 2266 Corcnno
507 2205 737 2287 Dindymusque
749 2226 810 2267 non
826 2212 919 2267 esset

525 2368 663 2432 'xia

202 2484 329 2544 Femina
341 2487 494 2565 praeferri
508 2488 609 2566 potuit
622 2487 679 2548 tibi
692 2485 794 2565 nulla,
814 2485 942 2565 lycorit
981 2530 984 2535 .

231 2567 400 2628 'Praeferri
415 2569 565 2649 Glycerae
578 2571 692 2631 femina
704 2570 788 2630 nulla
801 2576 913 2649 potest.

202 2651 287 2709 Haec
302 2653 362 2712 erit
372 2653 431 2712 hoc
442 2653 524 2732 quod
538 2661 586 2713 tu:
600 2662 634 2714 tu
648 2673 709 2714 non
722 2661 811 2733 potes
824 2671 892 2712 ease
905 2651 986 2731 qnod
995 2653 1071 2712 hacc
1085 2667 1112 2708 ca

245 2733 398 2815 Tempora
412 2734 485 2814 qnid
499 2735 629 2817 faciunt!
650 2737 729 2799 hono
741 2734 829 2814 volo,
849 2742 881 2796 tc
894 2734 985 2798 volni.

599 2895 676 2957 XLI.
729 2921 732 2928 ·

203 3011 261 3088 Qui
275 3009 386 3069 recitat
400 3006 469 3068 lana
483 3009 587 3070 iancea
602 3017 634 3070 et
649 3009 729 3071 colla
743 2982 915 3088 revinctum

244 3093 303 3152 Hic
317 3110 351 3152 se
363 3111 455 3172 pocae
468 3094 569 3173 loqui,
589 3112 681 3174 posse
695 3101 800 3154 tacere
813 3100 914 3172 negat.

585 3254 673 3316 XLII.

88 3399 94 3419 ,
138 3350 140 3354 ’
202 3365 324 3425 Etrusci
337 3366 396 3427 uisi
409 3363 709 3445 thermuliolavaria,

203 3446 308 3508 lllotus
322 3451 479 3545 morieris,
501 3450 648 3530 Oppiane.
