2264 3786
315 194 648 265 nrmnaomaron
663 198 735 263 nus.
753 201 791 264 v.
898 258 901 262 .
987 167 1064 268 ιιι

494 398 599 463 LXIV.

121 512 300 587 Sextantes,
321 509 465 589 Calliste,
488 512 564 572 duos
578 512 705 574 infunde
718 513 862 592 Falerni,

162 595 211 654 Tu
225 612 317 672 super
333 598 476 672 aestivas,
497 595 634 674 Alcime,
655 598 738 658 solve
752 600 847 661 nives.
905 605 912 618 “

118 678 301 755 Pinguescat
314 679 406 738 nimio
420 677 557 739 madidus
572 681 646 740 milri
660 682 754 740 crinis
768 699 892 741 amomo

87 822 88 825 ,
159 759 386 840 Lassenturque
400 763 479 821 rosis
493 767 632 842 tempora
644 762 804 829 sutilibus.

96 844 179 903 olam
193 845 290 904 vicina
303 845 411 915 iubent
422 864 479 906 nos
495 847 597 906 rivere
612 847 786 929 Mausolea,

158 923 233 989 Cum
248 926 497 1009 docemt,'1psos
510 947 601 1010 posse
614 919 722 1011 perire
732 930 816 994 deos.

490 1060 590 1129 ..va

18 1250 21 1254 y
116 1176 207 1235 Astra
224 1170 389 1254 polumque
403 1173 505 1253 dedit,
527 1176 660 1255 quamvis
673 1177 971 1253 obstrntenorercn,
1079 1224 1083 1230 .

157 1257 283 1319 Alcidae
293 1258 428 1319 Nemees
439 1265 542 1319 terror
556 1265 589 1319 et
601 1261 697 1319 Arcas
715 1276 789 1339 aper

116 1340 156 1400 Et
170 1343 345 1444 castigatum
359 1331 492 1421 Libycae
506 1360 625 1402 ceroma
638 1340 809 1422 palaestrae

156 1425 198 1484 Et
211 1426 333 1503 gravis
323 1445 356 1485 ιιι
372 1424 476 1486 Siculo
492 1425 619 1506 pulvere
634 1433 718 1487 tusus
731 1426 834 1505 Eryx,
893 1484 896 1492 .

95 1506 327 1586 5Silvarumque
341 1514 473 1586 tremor,
493 1510 585 1569 tacita
599 1529 651 1588 an
642 1508 771 1591 fraude
786 1507 905 1571 solebat
1076 1551 1082 1558 -

155 1593 276 1652 Ducere
289 1610 347 1652 nec
360 1600 461 1653 rectas
476 1593 573 1653 Cacus
585 1593 617 1652 in
634 1600 720 1653 antra
734 1594 835 1654 boves.
976 1587 981 1600 ’

115 1675 175 1755 lstp
189 1685 275 1753 tuae,
298 1675 428 1753 Caesar,
450 1682 541 1754 quota
553 1695 626 1756 pars
640 1681 796 1756 spectetur
809 1676 965 1735 harenae?

155 1758 214 1818 Dat
227 1759 340 1818 maiora
353 1778 447 1820 novus
462 1758 580 1839 praelia
591 1779 678 1820 mane
693 1758 768 1827 dica.

114 1842 194 1918 Quot
209 1843 346 1920 graviora
359 1842 471 1904 cadunt
483 1844 635 1903 Nemeaeo
649 1842 787 1923 pondera
798 1841 956 1903 monstro?

74 1935 108 1987 lo
155 1926 235 2000 Quot
250 1932 300 1985 tua
313 1925 483 1986 Maenalios
498 1925 630 1986 collocat
643 1927 731 1986 basta
744 1925 837 1985 sues?
982 1922 985 1935 '

114 2007 272 2069 Reddatur
285 2010 311 2068 si
325 2015 425 2088 pugna
438 2009 551 2090 triplex
566 2012 698 2089 pastoris
712 2009 839 2087 Hiberi,

153 2093 211 2151 Est
221 2092 279 2152 tibi
294 2093 344 2171 qni
358 2096 455 2172 possit
468 2095 591 2154 vincere
606 2095 788 2173 Geryonem.

38 2238 41 2245 ,
112 2175 211 2254 Saepe
226 2174 300 2235 licet
314 2177 424 2236 Graiae
438 2185 615 2238 numeretur
630 2176 720 2238 belua
732 2176 869 2253 Lernae,

155 2258 297 2336 Improba
306 2257 432 2320 Niliacis
448 2259 521 2340 qnid
533 2261 606 2321 iacit
619 2260 726 2339 Hydra
739 2260 836 2318 feris?

71 2341 172 2402 15Pro
187 2342 305 2402 meritis
320 2341 436 2404 caelum
449 2346 558 2422 tantis,
579 2345 732 2422 Auguste,
754 2340 939 2401 dederunt

153 2422 281 2485 Alcidae
296 2427 356 2486 cito
373 2424 420 2505 di,
438 2426 494 2488 sed
507 2429 564 2487 tibi
578 2445 649 2487 aero
664 2424 788 2484 dabunt.

487 2546 592 2620 vai.

110 2670 209 2749 Saepe
224 2669 371 2733 sslutatus
384 2691 536 2751 nunquam
549 2670 636 2751 prior
649 2658 715 2750 ipsc
730 2668 859 2731 salutas:

153 2754 204 2814 Sic
220 2757 282 2816 eris
296 2762 470 2833 aeternum,
491 2753 680 2833 Pontiliane,
702 2753 787 2818 Vale.

483 2887 601 2958 LXVIL

107 2998 263 3060 Hibernos
275 3005 421 3080 peterent
435 2999 524 3061 solito
539 3019 607 3060 cum
620 3017 705 3061 morc
720 3019 860 3065 recessus

150 3082 311 3158 Atthides,
333 3084 364 3142 in
377 3083 457 3155 nidis
471 3103 530 3142 una
543 3085 690 3144 remansit
704 3084 782 3144 avis.-

109 3163 309 3245 Deprendere
321 3185 361 3226 ne
364 3167 408 3226 ias
424 3165 462 3226 ad
473 3174 612 3245 tempora
625 3185 718 3226 verna
731 3182 872 3225 reversae
996 3165 1011 3177 “’

67 3280 72 3291 «
149 3250 190 3309 Et
202 3251 360 3328 profugam
372 3249 512 3310 volucres
528 3249 683 3329 diripuere
698 3268 788 3307 suam.

86 3330 186 3391 osero
201 3331 288 3391 dedit
297 3351 431 3412 poenas.
453 3332 591 3416 discerpi
602 3333 696 3394 noma
706 3338 807 3392 mater

135 3413 311 3495 Debuerat,
333 3416 392 3480 sed
405 3425 499 3504 tune,
522 3413 866 3496 cumlacerariaitan
1005 3463 1010 3471 »
