2264 3786
290 240 624 304 EPIGRAMMATON
636 243 709 305 ΗΒ.
724 244 774 306 Xl.
982 248 1042 311 261

146 392 259 454 Fuluia
272 396 450 473 constituit,
464 415 497 455 ae
511 415 630 475 quoque
644 399 694 457 att
703 395 836 471 futuam.

82 475 249 538 suolmam
260 496 318 556 ego
332 487 370 537 ut
378 478 529 553 futuam?
548 479 623 559 quial
633 481 662 538 oi
675 500 723 540 me
737 479 862 543 Manius
876 493 959 559 oret,

145 559 322 636 Paedioem,
336 558 470 631 foetum?
484 582 546 622 non
555 570 652 641 puto,
667 564 695 621 at
705 566 833 641 sapiam.

104 647 195 722 „Aut
207 642 312 721 fatue,
327 650 383 703 aut
394 645 593 725 pugnemus“
607 648 657 705 ait.
690 646 784 722 Quid,
803 649 887 726 quod
897 649 971 710 nubi
982 652 1044 710 ulta

150 727 257 786 Carior
272 732 319 786 est
333 734 400 805 ipae
413 729 572 788 mentula?
599 726 699 810 Signo
712 732 850 789 canant!

104 809 244 870 Absolvis
261 807 382 889 lepidos
395 811 553 888 nimirum,
575 812 727 889 Auguste,
747 811 889 893 libellos,

62 904 98 955 10
146 894 204 969 Qui
220 894 279 952 scis
293 893 426 953 Romana
440 893 635 974 simplicitate
649 893 745 974 loqui.

493 1025 571 1089 XXI.

105 1135 202 1215 Lydia
215 1139 276 1195 tam
289 1133 357 1196 laxa
371 1144 434 1215 cst,
456 1139 568 1218 equitis
583 1158 671 1217 quam
686 1136 771 1200 culus
786 1141 893 1220 sireni,

147 1220 241 1296 Quam
256 1218 340 1280 celer
356 1229 462 1299 arguto
479 1222 530 1299 qui
544 1228 632 1282 sonat
646 1241 717 1282 aere
732 1225 883 1297 trochus3·

104 1305 198 1380 Quam
212 1310 280 1363 rota
293 1306 470 1364 transmisso
485 1306 600 1365 totiens
614 1306 727 1366 intacta
742 1312 887 1385 petauro,

145 1387 240 1462 Quam
254 1394 372 1469 retusa
387 1407 487 1447 crassa
503 1386 621 1448 calceus
635 1387 712 1449 udus
727 1409 820 1467 aqua3
876 1425 882 1438 ·

82 1470 200 1545 5Quam
216 1489 293 1548 quae
306 1490 376 1530 rara
388 1490 480 1550 vagos
494 1476 656 1552 expectant
669 1474 748 1531 retia
763 1474 887 1551 turdos,

144 1554 239 1629 Quam
253 1554 437 1633 Pompeiano
452 1552 520 1613 vcla
532 1561 640 1632 negata
654 1554 749 1628 Noto;

103 1637 198 1712 Quam
213 1655 289 1714 quae
305 1636 343 1696 de
357 1638 509 1716 phthisico
523 1636 607 1716 lapsa
621 1643 668 1697 est
684 1636 803 1700 armilla
817 1640 962 1719 cinaedo,

144 1719 263 1780 Culcita
275 1719 446 1783 Leuconico
462 1739 550 1798 quam
564 1719 684 1780 viduata
698 1740 770 1797 suo;

104 1803 199 1880 Quam
212 1809 333 1862 veteres
347 1805 457 1863 bracae
471 1803 606 1862 Britouis
620 1806 763 1884 pauperis
779 1812 811 1866 et
826 1826 913 1887 quam

60 1898 95 1949 10
143 1886 249 1966 Turpe
263 1887 445 1947 Ravennatis
459 1894 563 1964 guttur
577 1885 755 1948 onocrotali.

101 1970 188 2028 Hanc
204 1971 236 2029 in
249 1971 365 2051 piscina
381 1970 467 2029 dicor
480 1970 608 2029 futuisse
622 1971 746 2032 marina.

143 2054 269 2127 Nescio;
283 2053 434 2135 piscinam
448 2072 497 2113 me
511 2054 640 2114 futuisse
652 2061 736 2135 puto.

487 2198 578 2261 XXII.

101 2304 209 2367 Mollia
227 2307 308 2386 quod
320 2309 402 2368 nivei
417 2307 493 2370 duro
507 2311 584 2369 teris
598 2327 652 2368 ore
667 2307 790 2369 Galaesi

144 2389 250 2469 Basia,
271 2390 352 2468 quod
365 2391 447 2451 nudo
463 2411 530 2450 cum
544 2391 720 2469 Ganymede
734 2394 834 2464 iaces,

101 2474 236 2549 -Quis
259 2476 373 2554 negat?
396 2508 439 2519 -
461 2476 530 2533 hoc
546 2476 670 2533 nimium
696 2481 752 2536 cst.
802 2471 864 2533 Sed
888 2475 929 2533 sit
952 2477 1043 2550 satis3

295 2584 296 2588 ¹
367 2559 490 2637 inguina
503 2556 612 2616 saltem
1111 2572 1113 2576 ⁴

142 2640 239 2700 Parce
253 2641 393 2701 fututrici
407 2640 574 2700 sollicitare
590 2658 687 2700 manu.

80 2722 234 2784 5Levibus
247 2725 280 2783 in
292 2727 396 2803 pueris
410 2723 479 2805 plus
492 2724 583 2801 haec,
606 2743 693 2802 quam
707 2723 858 2801 mentula,
879 2734 1003 2804 peccat,

134 2807 183 2866 ut
196 2808 312 2869 faciunt
326 2808 414 2887 digiti
430 2808 694 2888 praecipitantque
708 2809 814 2870 virum.

99 2890 173 2949 Inde
187 2898 291 2970 tragus
307 2891 487 2969 celeresque
499 2889 556 2971 pili
569 2890 765 2969 mirandaque
781 2894 871 2952 matri

141 2973 255 3052 Barba,
276 2992 335 3034 nec
348 2977 381 3034 in
394 2975 474 3035 clara
489 2975 598 3035 balnea
610 2974 681 3036 luce
696 2975 829 3055 placent.

99 3056 209 3117 Divisit
220 3063 328 3119 natura
341 3078 469 3119 marem:
490 3078 561 3138 pars
578 3079 636 3118 una
651 3058 780 3138 puellis,

56 3151 91 3203 10
139 3141 207 3201 Una
220 3142 294 3202 viris
309 3144 412 3220 genita
426 3148 482 3203 est.
509 3143 607 3203 Utere
621 3147 710 3222 parte
723 3147 784 3200 tua.

479 3274 584 3335 XXIll.

95 3385 222 3445 Nubere
235 3383 299 3444 Sila
311 3385 388 3446 milri
400 3385 487 3448 nulla
501 3406 566 3447 non
579 3385 657 3465 lego
670 3391 784 3466 parata
797 3389 869 3451 esu,

127 3465 193 3531 Soa
206 3466 302 3529 Silam
316 3467 403 3531 nulla
420 3470 543 3535 ducere
555 3472 635 3554 loge
652 3469 744 3533 noio.
1023 3440 1080 3552 Ι
