2264 3786
318 199 654 267 EPIGRAMMATON
666 201 740 266 Lm.
755 202 776 264 Ι.
1018 201 1060 267 38

75 428 81 435 ¹
96 351 183 417 ised
197 353 223 413 si
238 369 296 412 nee
308 352 396 412 focus
411 358 531 427 est-nee
541 351 617 412 nudi
631 352 747 433 sponda
760 355 877 432 grabati

155 437 220 497 Nec
235 441 341 496 curtus
354 436 490 497 Chiones
504 436 691 516 Antiopesve
706 435 800 515 calix,

115 522 215 582 cerea
231 520 258 579 si
271 517 388 600 pendet
402 518 514 579 lumbis
529 526 562 578 et
575 520 690 600 scripta
703 519 829 581 lacerna

155 602 364 682 Dimidiasque
379 609 468 663 nates
482 601 602 664 Gallici
614 604 706 664 braea
720 605 815 684 tegit,

114 689 256 749 Pasceris
270 693 303 746 et
316 688 423 765 nigrae
438 685 505 747 solo
520 685 631 747 nidore
645 688 764 749 culinae
877 718 887 735 κ

78 784 109 835 10
154 773 196 833 Et
209 772 290 831 bibis
306 768 489 831 immundam
504 789 572 830 eum
587 789 662 831 eane
678 791 792 852 pronus
809 792 931 851 aquam:

112 853 312 931 Henetiam,
332 872 434 933 neque
448 855 529 915 enbn
543 861 592 914 est
606 853 708 934 euius,
735 856 787 934 qui
800 874 862 916 non
876 863 961 918 esest
974 857 1055 936 allm,

156 937 218 1000 Sed
234 936 349 998 fodiam
364 936 460 1015 digito
477 939 529 1015 qui
542 945 684 1018 superest
698 937 828 1002 aenium.

114 1023 178 1083 Nee
191 1040 242 1082 me
256 1019 433 1101 zelotypum
443 1040 502 1082 nec
516 1020 631 1083 dixeris
645 1038 714 1083 esse
728 1021 906 1103 malignum:

154 1108 295 1184 Denique
309 1104 453 1186 pactiles,
473 1106 678 1179 Mamuriane,
700 1115 793 1169 satur.

494 1238 597 1300 xcssl.

111 1353 254 1414 Fabricio
267 1353 389 1413 iunctm
401 1350 463 1413 nio
477 1354 646 1434 requiescit
660 1355 812 1434 Aquinus,

154 1438 214 1514 Qui
227 1437 314 1517 prior
327 1435 449 1516 Elysias
463 1436 575 1516 gautlet
590 1437 689 1498 adisse
703 1437 816 1498 domos.

113 1523 175 1581 Ara
189 1519 302 1601 duplex
315 1520 407 1600 primi
420 1527 552 1581 testatus·
566 1540 692 1582 munera
703 1520 775 1600 pili:

154 1602 228 1664 Plus
242 1610 344 1663 tamen
358 1609 422 1682 est,
442 1603 533 1665 titula
548 1603 629 1684 quod
645 1605 787 1664 breviore
798 1604 894 1681 legis:

92 1688 244 1749 alunataa
258 1693 389 1767 uterque
402 1705 491 1748 suero
506 1688 655 1748 laudatae
666 1687 791 1761 foedera
804 1690 904 1767 vitae,
934 1724 938 1729 ·

154 1770 318 1850 Famaque
335 1771 505 1851 quadrare
520 1772 620 1848 uouit,
643 1772 760 1832 anaim
773 1779 854 1832 erat.

480 1901 593 1965 new.

111 2014 247 2074 Cantasti
262 2011 357 2093 male,
379 2014 450 2076 dum
462 2015 562 2076 intuta
576 2034 626 2092 es,
644 2014 752 2095 Aegle.

111 2098 172 2157 iam
188 2104 292 2158 cantas
305 2099 403 2174 bena;
424 2098 567 2160 basianda
580 2118 643 2160 non
657 2117 700 2161 es.

496 2246 590 2308 XCV.

113 2354 203 2433 Quod
217 2354 327 2417 clamas
341 2374 479 2438 semper,
500 2357 583 2437 quod
596 2359 755 2437 agentibus
770 2359 937 2441 obstrepis,
953 2358 1033 2438 Aeli,

152 2440 221 2501 Non
235 2438 311 2500 fanis
323 2440 383 2501 hee
396 2441 507 2520 gratis:
527 2441 654 2523 accipis,
670 2446 706 2502 ut
719 2446 830 2502 taceas.

487 2572 594 2634 xcvi.

111 2683 144 2744 Si
158 2703 225 2757 nan¹
233 2683 394 2746 molestum
407 2692 456 2746 est
469 2691 564 2765 teque
577 2704 640 2745 nan
654 2687 756 2766 piget,
777 2706 904 2766 senon,

110 2766 223 2828 Nostro
237 2787 378 2847 rogamus
392 2788 487 2849 pauca
500 2771 594 2831 verba
607 2770 750 2830 Materno

110 2850 201 2912 biens
215 2852 249 2911 in
263 2870 367 2912 aurem
379 2853 424 2912 sic
438 2859 473 2912 ut
485 2853 588 2914 audiat
605 2853 698 2914 solus.

110 2935 236 2995 Amator
250 2933 308 2996 ille
321 2936 454 2996 tristium
467 2935 658 2997 lacernarum

88 3016 106 3076 '5
112 3017 153 3079 Et
166 3019 336 3080 baeticatus
350 3025 441 3098 atque
454 3020 705 3102 leucophaeatus,

112 3102 171 3178 Qui
185 3104 357 3164 coccinatos
370 3121 433 3162 non
446 3110 533 3182 putat
544 3106 627 3164 vires
642 3122 711 3164 ease

110 3185 402 3266 Amethystinasque
415 3186 577 3248 mulierum
590 3197 678 3248 vocat
689 3194 806 3264 vestes,

109 3269 215 3329 Nativa
228 3268 350 3348 laudet,
370 3271 482 3330 babeat
496 3277 528 3332 et
540 3270 617 3332 licet
629 3289 751 3352 semper

109 3352 226 3412 Fuscos
243 3351 381 3430 celeres,
404 3353 541 3432 galbinos
553 3356 647 3416 habet
658 3372 769 3416 mores.

70 3435 255 3517 nonagena,
275 3436 357 3499 unde
375 3439 513 3518 suspicer
525 3439 621 3499 virum
633 3434 767 3499 mollem.
831 3518 857 3580 Q

111 3519 216 3580 Mssa.
