2264 3786
279 194 615 257 nuronooninnon
628 197 701 258 ulo.
714 198 765 260 xi.
887 258 893 276 ,
976 196 1037 262 277

450 397 599 459 LXXXV.

98 508 211 569 Sidere
226 527 372 588 percusse
385 516 434 570 est
448 512 549 570 subito
563 511 636 588 tihi,
657 511 760 589 Zoilo,
780 509 901 590 lingue,

134 593 212 652 Dum
225 591 326 670 lingis.
357 593 467 672 Certe,
487 594 591 672 Zoile,
610 614 691 677 nuno
704 594 816 656 futoes.
900 638 903 646 -

445 724 608 788 LXXXVI.

93 840 204 898 Leniat
217 843 251 897 ut
264 837 369 897 fouoeo
382 835 534 912 medicus,
557 855 630 914 quoe
646 848 754 916 aspero
768 848 855 899 vexet

135 919 266 980 Assidue
280 921 388 998 tussis,
409 919 659 999 Parthenopaeo,
680 922 753 999 tibi,

93 1003 191 1067 Mello
205 1002 272 1063 dori
284 1001 471 1079 nucleosque
484 1002 571 1062 iubet
586 1002 752 1082 dulcesque
766 1004 922 1085 placentas

136 1089 178 1148 lit
192 1086 339 1167 qnidand
352 1103 465 1166 puero·
480 1104 543 1143 non
556 1086 629 1146 eiust
643 1105 712 1148 eone
726 1095 839 1152 truces.

73 1172 140 1231 §At
153 1177 187 1230 tu
202 1189 264 1230 non
283 1187 383 1230 cereos
395 1170 469 1229 totio
483 1170 596 1229 tussire
611 1169 727 1234 diebus.

135 1254 204 1314 Nou
218 1261 267 1314 eet
281 1254 357 1314 haec
371 1253 479 1330 tunnis,
501 1251 751 1335 Parthenopaeo,
769 1254 842 1335 'gule
856 1263 912 1316 ent.

433 1385 609 1449 LXXXVII.

93 1505 186 1564 Dives
201 1523 268 1564 eros
284 1503 448 1582 quondam:
471 1504 528 1565 sed
541 1510 614 1564 tunc
628 1503 755 1584 paedico
770 1506 856 1566 fuisti

136 1589 178 1647 Et
191 1589 249 1647 tibi
262 1587 347 1647 nulla
361 1588 413 1648 diu
426 1588 541 1647 femine
553 1592 624 1647 nata
637 1587 705 1650 fuit.

93 1671 180 1730 Nono
195 1672 321 1731 sectoris
335 1691 417 1732 unns.
448 1671 475 1730 0
490 1676 634 1749 quantum
648 1672 730 1748 cogit
742 1673 876 1750 egenos!

135 1753 191 1813 illa
204 1754 372 1817 fututorem
385 1762 432 1834 te,
455 1752 655 1831 Charideme‚
676 1754 759 1816 fecit.

321 1890 324 1896 ’
434 1887 622 1950 LXXXVIII.

94 2002 204 2063 Multis
218 2005 295 2081 iam,
315 2005 419 2085 Lupe,
439 2024 530 2085 posse
550 2023 584 2065 se
600 2002 707 2065 diebus
825 2042 829 2049 -

95 2087 261 2169 Poedicare
274 2095 368 2166 neget
382 2091 587 2150 Charisianus.

95 2171 223 2231 Cannam
236 2190 303 2231 oum
318 2171 408 2233 modo
422 2177 608 2252 quaererent
621 2169 758 2249 sodales,

95 2254 245 2315 Ventrem
260 2253 336 2317 dixit
349 2256 465 2321 habere
483 2275 517 2316 oe
532 2256 672 2316 solutum.

340 2446 345 2454 ·
447 2402 607 2463 LXXXIX.

94 2514 225 2574 Intaotor
240 2504 335 2594 qnare
348 2516 445 2575 mittin
458 2517 548 2593 mnu,
570 2511 676 2591 Polio,
699 2512 848 2573 coronae?

137 2598 165 2656 A
178 2604 210 2658 te
224 2605 345 2661 venator
359 2597 438 2659 molo
453 2605 562 2659 tenere
577 2615 672 2658 roseo.

494 2729 558 2792 xo.
624 2782 631 2811 .

96 2842 238 2903 carmine
251 2843 337 2904 nullu
349 2846 463 2925 probes
475 2840 560 2903 molli
575 2860 652 2922 quae
667 2841 766 2903 limite
782 2847 925 2919 currunt,
1015 2848 1022 2861 ‘

138 2925 201 2986 Sed
216 2945 293 3004 quoe
305 2947 364 3009 per
380 2928 515 2988 salebras
531 2927 651 3005 altoque
665 2946 735 2987 oeno
750 2926 877 3002 endunt,

95 3010 137 3070 Et
149 3011 208 3070 tibi
220 3011 364 3072 MaeonIo
380 3031 500 3090 quoque
515 3012 647 3071 carmine
661 3013 756 3070 moins
771 3011 918 3085 hebetur,

138 3093 261 3156 Luceitr'
274 3097 457 3172 colomella,
478 3096 525 3155 tio
538 3094 621 3171 otto,
644 3093 878 3172 Metrophaneo3

71 3182 88 3233 5
100 3177 318 3256 Attonitusque
332 3177 411 3255 legis
427 3181 526 3238 terrai
532 3177 718 3256 frugiferai,

139 3260 242 3319 Attius
257 3267 289 3320 et
304 3261 451 3339 quidquid
464 3261 670 3335 Pacuviusque
685 3262 817 3319 vomunt.
1030 3322 1038 3329 ,

96 3344 153 3405 Vis
166 3344 270 3403 imiter
284 3344 423 3422 veteres,
441 3341 632 3420 ChrestilIe‚
649 3347 786 3420 tuosque
799 3340 937 3417 noetun‘t

130 3426 329 3505 Dioperoem,
351 3430 384 3488 ni
397 3430 477 3510 odo,
498 3425 643 3495 menenio
657 3424 740 3508 quio
750 3422 867 3504 oeq'not.
