2264 3786
386 233 447 294 ιΜ.
464 232 554 296 VAL.
571 220 793 292 MARTIALIS

512 473 527 500 .,
569 435 632 509 nn.

112 546 389 613 Novitloturas
403 547 511 609 Dasius
525 563 703 605 numerare.
724 545 865 624 poposcit
1059 548 1062 552 ’

212 632 409 741 Mammosam
420 628 570 710 Spatalen
584 649 641 710 pro
657 621 771 689 tribus:
791 625 847 688 illa
863 625 958 694 cedia

534 762 643 826 '.Lll1

48 930 60 941 .
171 880 227 940 Vis
240 878 310 937 fleri
324 875 428 935 liber?
448 876 604 952 mentiris,
625 875 774 950 Maxime,
796 884 858 932 non
871 875 932 932 vis:

214 960 276 1021 Sed
290 961 360 1018 fieri
375 960 401 1018 si
415 960 476 1036 vis,
496 960 553 1017 hac
567 960 688 1017 ratione
702 964 800 1036 potes.

169 1046 265 1105 Liber
279 1044 358 1121 eris,
381 1043 582 1121 cenare'i'oris
598 1043 640 1117 si,
661 1041 811 1117 Maxime,
832 1038 937 1118 uoles,

89 1202 92 1206 Δ
215 1129 387 1189 Veientana
400 1131 482 1185 tuam
497 1127 524 1185 si
539 1125 640 1184 domat
652 1144 709 1184 uva
723 1126 821 1200 sitim,
928 1170 932 1177 ,

152 1212 207 1273 osi
222 1211 330 1270 ridere
341 1215 431 1290 potes
446 1211 550 1270 miseri
566 1207 770 1288 chrysendeta
784 1208 917 1287 cinnae,

214 1298 384 1355 Contentus
399 1302 503 1353 nostra
517 1295 544 1353 si
558 1298 647 1373 potes
663 1310 731 1352 esse
747 1289 850 1370 toga,
877 1327 880 1334 ·

173 1379 205 1438 Si
220 1377 343 1458 plebeia
357 1378 462 1438 Venus
478 1379 597 1455 gemino
614 1378 669 1451 tibi
683 1377 814 1435 vincitur
830 1394 915 1454 asse,
1013 1445 1015 1449 7

215 1463 247 1521 Si
263 1468 314 1521 tua
327 1481 388 1519 non
404 1467 507 1521 rectus
522 1467 604 1520 tecta
618 1461 721 1519 subire
736 1465 834 1539 potes.

172 1547 257 1605 Haec
271 1547 328 1604 tibi
344 1547 370 1603 si
383 1545 428 1603 vis
444 1552 507 1621 est,
530 1546 557 1604 si
570 1544 681 1604 mentis
696 1551 780 1603 tanta
792 1549 948 1623 potestas,

132 1641 166 1691 10
214 1630 356 1690 Liberior
370 1628 485 1688 Partho
499 1629 603 1688 vivere
617 1645 692 1706 rege
706 1633 804 1708 potes.

485 1831 487 1835 Α
563 1738 640 1839 ιιι.

83 1933 88 1955 ι
174 1893 255 1969 Quid
270 1891 307 1953 dc
323 1897 372 1972 te,
393 1889 488 1966 Line,
510 1891 682 1968 suspicetur
696 1907 772 1947 uxor

86 1968 89 1972 ⁴
152 1977 216 2034 Et
229 1997 289 2055 qua
303 1981 391 2054 parte
405 1932 488 2031 velit,
496 1971 702 2050 pudiciorem,

175 2060 277 2117 Certis
292 2056 412 2116 indiciis
427 2055 500 2113 satis
514 2056 669 2134 probavit,

175 2140 341 2201 Custodem
356 2139 412 2199 tibi
427 2156 504 2216 quae
520 2137 606 2197 dedit
620 2137 794 2217 spadonem.

153 2223 227 2283 aNil
241 2225 377 2283 nasutius
390 2221 447 2280 hac
462 2219 684 2301 indigniusque
699 2229 756 2282 est.

572 2355 660 2436 nv„⁴

173 2469 230 2531 Vis
243 2477 292 2547 te,
314 2469 424 2548 Sexte,
445 2469 521 2530 coli:
544 2467 682 2530 volebam
697 2487 807 2529 amare.

78 2606 86 2625 ,
174 2553 346 2614 Parendum
362 2556 496 2614 esttibi:
518 2553 600 2633 quod
614 2555 717 2630 iubes,
740 2551 866 2611 coleris:

176 2637 239 2697 Sed
253 2640 279 2697 si
294 2646 325 2698 te
341 2638 425 2714 colo,
448 2639 556 2714 Sexte,
576 2657 637 2696 non
653 2639 766 2697 amabo.

570 2769 647 2831 LVI.

179 2881 353 2940 Gentibus
344 2900 376 2939 ιιι
390 2882 513 2960 Libyeis
528 2902 603 2941 uxor
618 2889 686 2959 tua,
709 2880 816 2959 Galle,
838 2879 917 2941 male
933 2879 1017 2941 audit

218 2962 399 3024 Immodicae
414 2964 505 3024 foedo
522 2967 649 3024 crimine
665 2967 817 3025 avaritiae.

177 3045 239 3106 Sed
254 3059 338 3108 mera
350 3056 513 3107 narrantur
526 3048 699 3110 mendacia:
720 3069 780 3108 non
796 3048 884 3108 solet
891 3047 945 3109 illa

218 3132 369 3214 Accipere
383 3133 513 3193 omnino.
545 3132 624 3208 Quid
639 3133 720 3194 solet
734 3134 832 3211 ergo?
860 3133 950 3194 Dare.

565 3264 655 3327 LVII.

178 3377 237 3436 Hic
253 3395 341 3455 quem
355 3375 466 3437 videtis
482 3377 635 3455 gressibus
649 3378 734 3455 vagis
745 3374 878 3453 lentum,

177 3461 442 3542 Amethystinatus
455 3459 555 3522 media
570 3461 623 3540 qui
637 3467 720 3522 secat
735 3461 845 3540 Septa,
