2264 3786
184 130 188 140 .
590 80 602 137 ι

67 203 189 270 ,164Δ
413 203 824 303 nvnusmnnmns,
885 232 888 237 -
934 188 940 201 ‘
992 256 996 267 ,
1048 282 1052 287 ,

107 426 111 435 Ι
153 358 216 418 ant
231 354 320 416 Gallo
334 355 418 417 Titio
441 357 681 435 neemiasque,

174 440 288 518 Linges
303 459 365 500 non
379 377 470 518 mili,
484 473 525 483 —
539 459 608 499 uam
617 438 717 519 'proba
733 445 766 497 ct
779 436 892 518 pusilla
908 445 973 518 est,
987 474 1028 486 —

174 522 238 582 Sed
253 541 330 602 quae
344 521 384 583 de
399 522 531 602 Solymis
544 523 629 583 venit
643 523 778 601 perustis

172 607 348 672 Damnatum
360 606 449 668 modo
464 604 629 666 mentulam
640 605 774 666 tributis.

535 779 537 787 v
565 751 642 815 nvi

172 867 264 926 Astra
276 863 439 946 polumque
456 866 507 947 pia
519 864 676 944 percepsti
691 831 810 940 mente,
831 862 953 944 Rabiri,

215 949 407 1009 Parrhasiam
418 949 493 1008 mira
510 948 561 1027 qul
575 947 668 1006 struis
684 953 750 1006 arte
766 944 894 1011 domum

174 1031 319 1091 Phidiaco
336 1033 362 1089 si
377 1031 468 1108 digna
480 1031 541 1090 lovi
559 1029 633 1089 dare
647 1027 763 1110 templa
776 1032 911 1109 parabit,

214 1115 278 1172 llas
291 1120 379 1192 petet
392 1133 410 1172 a
423 1120 528 1173 nostro
543 1112 615 1172 Pisa
630 1112 770 1215 {sonante
784 1133 897 1176 manus.
930 1114 934 1119 '

420 1312 423 1316 Α
555 1212 681 1321 nvn.

174 1373 301 1432 Castura
316 1369 355 1432 de
369 1368 498 1449 Polluce
510 1371 639 1432 Gabinia
651 1371 727 1432 fecit
740 1370 897 1433 Achillan:
960 1436 963 1448 ,

214 1454 403 1534 Pyragathoe
416 1454 534 1532 fuerat,
555 1448 712 1517 nuuc'erit
723 1454 941 1537 Hippodamus.

515 1599 519 1604 ’
551 1617 655 1680 svm.

173 1732 234 1791 lam
250 1750 303 1792 sex
321 1739 372 1795 aut
386 1739 505 1814 septem
518 1734 664 1814 nupsisti,
688 1729 794 1810 Galla,
814 1717 965 1813 cinaedis}

216 1815 294 1874 Dum
309 1835 394 1876 coma
407 1823 439 1877 te
453 1819 577 1877 nimium
590 1833 727 1896 pexaque
741 1817 835 1876 barba
848 1817 939 1880 iuvat.
991 1885 994 1889 ,

125 1966 131 1987 Ι
173 1898 293 1958 Deinde
308 1906 434 1979 experta
446 1899 528 1961 latus
539 1898 721 1976 madidoque
735 1896 889 1987 simillima
900 1899 971 1961 loru

214 1981 339 2059 Inguina
352 2001 410 2043 neu
423 1983 502 2043 lassa
515 1989 598 2042 stare
612 1988 715 2041 coacta
728 2000 834 2058 manu,

152 2063 298 2124 5Deseris
312 2062 455 2125 imbelles
467 2064 616 2124 thalamus
630 2061 813 2144 mollemque
828 2068 973 2143 maritum

216 2147 331 2206 Rursus
346 2148 424 2206 etin
438 2145 553 2207 similes
569 2145 686 2207 decidis
700 2166 796 2226 usque
810 2153 906 2214 toros.
932 2203 934 2206 .

172 2228 295 2306 *Quaere
309 2229 440 2310 aliquam
457 2231 566 2292 curios
580 2247 702 2310 semper
716 2231 889 2312 Fabiusque
905 2232 1086 2314 loquentem,

216 2312 374 2373 Hirsutum
389 2321 422 2374 ct
436 2313 513 2375 dura
525 2315 697 2374 rusticitate
712 2321 840 2378 trucem.

174 2395 327 2457 invenies:
349 2394 406 2458 sed
417 2398 511 2458 habet
525 2398 623 2457 tristis
639 2415 759 2476 quoque
774 2399 864 2458 turba
878 2400 1035 2463 cinaedus:

135 2489 169 2539 10
215 2479 349 2541 Difficile
363 2488 412 2543 est
424 2500 498 2543 vero
513 2483 647 2560 nubere,
670 2478 774 2560 Galla,
795 2482 870 2543 viro.

562 2628 639 2691 LIX.

172 2722 242 2799 Nu'u
257 2746 345 2799 canat
358 2740 425 2800 sine
440 2759 513 2820 apro
527 2748 649 2820 noster,
671 2742 761 2820 Tite,
782 2739 993 2805 Caecilianus.⁸

216 2819 336 2880 Bellum
351 2824 504 2883 convivam
518 2823 707 2887 Caecilianus
720 2826 822 2888 habet.

569 2971 631 3032 LX.

56 3142 65 3151 ,
175 3080 330 3161 'l'arpeiac¹
341 3082 515 3142 venerande
528 3087 632 3142 rector
646 3081 748 3163 aulae,

174 3165 270 3240 Quem
286 3163 369 3227 salvo
383 3163 461 3226 duce
476 3165 627 3226 credimus
642 3166 829 3247 'sonantem

175 3247 250 3308 Cum
263 3250 340 3310 votis
358 3249 418 3311 sibl
432 3250 560 3329 quisque
573 3255 605 3309 te
619 3249 728 3328 fatiget

174 3330 215 3391 Et
228 3340 333 3411 poscat
349 3331 439 3411 dare,
461 3351 537 3411 quae
552 3329 603 3392 dei
616 3335 764 3413 potestis:

148 3418 170 3476 ²5
177 3413 228 3475 Nil
240 3435 297 3497 pro
310 3435 359 3477 me
373 3417 464 3497 mihi,
485 3416 637 3498 luppiter,
657 3420 778 3499 petenti
